2724 5122
72 174 105 241 iv
554 176 805 244 PRAEl'ATIO.

72 373 316 459 existimarejarn
327 396 409 441 nnnc
422 376 500 439 licet.
548 374 613 458 Qui
627 378 707 439 euim
722 379 753 439 in
769 375 968 439 informandis
995 377 1118 439 maximi
1133 375 1288 460 Principis

73 472 207 539 moribus
218 486 344 552 tantam,
359 496 420 539 non
446 472 543 537 civilis
557 474 649 536 modo
674 475 872 557 militarisque
886 475 1066 558 prudentise,
1082 475 1133 537 sed
1159 474 1290 537 literatoe

74 586 165 649 etiam
178 586 324 670 sapentiae
337 587 398 649 vim
412 606 478 669 prae
490 606 521 648 se
533 607 651 669 semper
665 587 742 664 tulit,
760 586 891 650 Carolus
905 587 1172 650 Sanctnmaurmus
1197 587 1291 652 Mon·

75 699 197 762 rauserii
209 700 281 762 Dux
291 722 301 778 3
313 696 410 781 potuit
423 697 449 760 is
463 696 501 759 ad
509 700 636 763 eandem
648 700 827 783 sapientiam
839 701 947 784 purim
960 714 1056 763 tutum
1063 723 1100 765 ac
1107 702 1226 763 facilem
1232 701 1291 784 ipsi

76 813 190 877 aditum
203 812 342 897 aperire?
363 810 468 874 Potuit
482 811 521 874 ad
535 833 638 876 verum
649 814 849 876 eruditionem
863 836 923 877 uon
942 816 1058 900 optima
1069 838 1199 898 quaeque
1211 836 1292 899 pree·

76 926 155 989 sidia
168 924 344 1007 conquirere
355 922 402 984 vir
416 922 526 985 divinis
550 924 750 1008 humanisque
764 926 909 990 doctrinis
919 928 1147 1005 excultissimus,
1160 928 1293 1012 Episco-

76 1058 134 1123 pus
145 1036 388 1109 Condomiensis,
402 1033 538 1098 Jacobus
551 1033 713 1118 Beniguns
724 1037 928 1101 Bossuetius?
951 1038 1070 1103 Horum
1084 1062 1144 1123 ego
1158 1042 1291 1118 monitis,

76 1150 258 1227 auctoritati,
282 1148 451 1232 prudentiae
463 1169 525 1211 uon
540 1148 726 1225 decederem,
751 1150 860 1232 quibus
875 1150 944 1213 Rex
959 1153 1196 1236 sapientissimus
1224 1175 1296 1216 suas

76 1264 222 1345 regnique
232 1260 278 1322 sui
294 1280 361 1344 spes
369 1281 477 1323 omnes
486 1261 575 1324 unice
584 1262 759 1325 commisit?
781 1263 957 1328 Praesertim
967 1267 1036 1327 ciun
1048 1268 1127 1329 curis
1139 1267 1296 1330 mciscon·

75 1374 144 1439 tilia
162 1373 337 1455 plerumque
349 1373 527 1437 accederent
541 1373 626 1436 Petri
641 1373 781 1437 Danielis
795 1375 912 1453 Huetii,
941 1379 1026 1459 eujus
1041 1380 1072 1441 in
1102 1380 1295 1443 moderandis

75 1486 265 1551 Serenissirni
277 1486 431 1572 Principis
444 1487 550 1550 studiis
562 1488 704 1551 secundm
716 1502 786 1551 sunt
800 1502 911 1573 portes.
954 1489 996 1567 Is,
1021 1493 1089 1553 cirnr
1105 1506 1135 1554 et
1147 1493 1296 1556 doctrinae

74 1596 156 1663 tunt
175 1599 302 1660 multum
318 1600 400 1683 upud
424 1613 561 1677 caeteros,
589 1613 618 1662 et
630 1622 747 1663 morum
764 1602 912 1663 suavitate
934 1601 1003 1685 plus
1018 1605 1100 1686 opud
1113 1627 1161 1667 me
1180 1605 1296 1689 aliquid

19 1736 22 1741 ·
60 1792 66 1803 Ι
74 1711 187 1799 possit;
208 1711 307 1774 effecit
314 1713 456 1776 amicitiae
469 1734 533 1775 sure
547 1713 717 1789 lenociniis,
729 1712 961 1775 communicatis
975 1714 1066 1776 etiarn
1083 1737 1201 1778 mecum
1217 1719 1296 1780 uotis

75 1823 276 1905 inVirgilium
286 1824 467 1906 quibusdum
477 1824 548 1901 suis,
559 1845 597 1887 ne
612 1838 697 1887 tauto
709 1846 756 1887 me
765 1825 851 1909 operi
862 1826 985 1887 omniuo
997 1827 1143 1911 imparem
1153 1831 1296 1913 putririm.

75 1962 83 2005 .’
116 1937 153 2001 ln
166 1958 226 2021 quo
236 1936 309 2019 qnid
322 1951 435 2024 praeter
447 1937 523 2000 alios
534 1938 712 2023 interpretes
725 1938 927 2023 prestiterim,
940 1937 1031 2000 facile
1045 1940 1204 2023 intelliget,
1216 1944 1298 2026 quis·

75 2054 142 2136 quis
156 2073 209 2115 eos
222 2051 390 2135 aliquando
414 2050 568 2132 attigerit3
589 2072 720 2133 quorum
734 2050 857 2132 quidem
871 2070 988 2112 errores
1002 2066 1109 2114 notare
1123 2054 1219 2116 nolim
1249 2077 1298 2117 as·

74 2166 186 2251 periris,
202 2165 254 2247 qui
268 2164 405 2227 excusari
421 2183 504 2224 meos
516 2174 597 2246 peto.
632 2162 717 2224 Sane
733 2182 828 2245 opera
842 2182 904 2223 non
919 2161 1034 2225 inutilis
1049 2164 1128 2227 rime
1141 2167 1243 2250 posita
1254 2181 1299 2229 est

74 2282 107 2344 in
121 2278 308 2363 explicandis
322 2298 359 2339 en
374 2276 435 2339 lide
449 2275 584 2337 historiae
596 2274 805 2358 compluribus
817 2273 903 2352 locis,
917 2276 1053 2338 obscuris
1064 2279 1159 2360 prius,
1176 2293 1229 2340 aut
1242 2302 1299 2362 pa-

74 2393 142 2456 nim
154 2391 281 2455 feliciter
289 2390 446 2453 enodatis:
469 2389 619 2452 advocata
631 2387 721 2449 etiam
735 2385 886 2447 interdum
897 2386 1032 2449 subsidia
1044 2387 1173 2450 ullarum
1185 2391 1298 2453 artium

75 2526 111 2569 ac
124 2505 362 2588 disciplinarum,
375 2523 413 2565 ne
428 2500 670 2564 Grammaticum
682 2496 781 2579 egisse
791 2496 910 2560 tantirm
922 2496 1058 2560 dicerer:
1073 2500 1183 2581 quibus
1196 2515 1299 2565 tamen

75 2620 106 2681 in
121 2618 249 2700 singulis
275 2618 300 2680 si
315 2618 365 2680 cui
390 2616 518 2678 videbor
532 2613 623 2675 nimis
651 2612 754 2694 presse
780 2610 942 2693 strictique
954 2627 1100 2689 versatus,
1125 2617 1296 2697 cujusmodi

74 2732 206 2815 querelae
215 2733 281 2813 jam
298 2730 338 2793 ad
352 2749 400 2792 rue
412 2727 522 2790 delator
537 2736 629 2803 sunt3
650 2723 677 2786 is
691 2743 749 2799 me,
762 2737 823 2785 nou
840 2721 1071 2808 Geogrnphum,
1087 2739 1141 2788 aut
1154 2726 1297 2790 Philoso-

73 2845 178 2929 phum,
194 2855 248 2905 aut
258 2842 436 2916 eretorem,
449 2837 502 2901 sed
517 2836 643 2919 Virgilii
659 2835 852 2921 interpretem
867 2856 932 2898 esse
946 2836 1108 2920 intelligat.

130 2952 199 3017 Hic
234 2952 367 3015 editione
404 2964 470 3014 turn
507 2947 698 3029 alumnia,
739 2967 810 3031 quae
853 2947 959 3034 primis
1002 2950 1083 3012 curis
1112 2952 1295 3029 exciderant,

75 3068 195 3150 adjecta
208 3077 261 3127 aut
272 3064 455 3140 emendata;
477 3073 541 3124 tum
553 3060 626 3123 vero
641 3060 789 3144 imprimis
805 3073 902 3122 textus
917 3062 982 3144 ipse
996 3060 1132 3143 Virgilii,
1149 3064 1249 3126 multis
1264 3067 1295 3126 in

75 3179 160 3255 locis,
175 3199 212 3239 ex
227 3176 287 3239 fide
310 3173 380 3239 Nic.
394 3171 525 3249 Heinsii,
541 3172 714 3234 restitutusr
737 3171 806 3234 crim
832 3171 885 3236 ille
908 3173 1104 3236 novissimam
1133 3154 1295 3239 editionem

76 3310 161 3354 suum
174 3309 210 3350 ex
223 3286 320 3350 MSS.
334 3286 461 3369 triginta
475 3283 707 3366 diligentissime
723 3285 920 3348 contexuerit.
966 3286 1105 3368 Cujus
1077 3309 1135 3350 vrri
1126 3289 1295 3365 omuibus,

76 3422 129 3486 qur
119 3400 245 3463 literas
260 3412 373 3477 amant,
388 3398 528 3462 luctuose
538 3417 640 3476 mors;
661 3398 809 3460 memoria
823 3399 916 3461 chara
991 3420 1046 3484 per
1058 3414 1088 3463 et
1096 3402 1235 3484 jucunda
1251 3402 1295 3464 lu·
