2724 5122
21 290 26 327 Ι
626 192 745 261 titt.
1254 217 1297 281 vii

21 348 27 421 ζ
135 336 278 403 teneam
292 356 370 422 puer
383 336 484 403 adhuc
498 341 683 425 ampicatus,
698 343 731 407 in
744 340 895 410 Balistam
908 345 1164 432 ludigladiatorii
1181 357 1296 438 magis·

21 442 26 485 r
107 436 175 501 nun,
186 422 222 487 ob
235 422 392 486 infamiam
404 422 635 489 latrociniorum
646 440 825 511 coopertum
839 429 870 492 la
892 432 1000 512 idibus,
1013 436 1165 503 distichon
1176 439 1263 503 lecit:

274 504 385 570 Monte
398 506 452 571 sub
466 507 522 572 hoe
533 508 669 594 lapidum
683 511 795 597 tegitur
807 511 843 576 B
875 512 933 576 isto
945 518 1093 604 sepultus:

363 590 474 670 Nocte,
489 592 548 670 die,
564 605 657 658 tutan
671 617 770 680 carpe,
784 597 893 675 oiotor,
908 598 974 663 iter.

108 670 202 739 Deinde
213 674 403 753 catalecton,
416 692 446 739 et
454 675 619 755 Moretnm,
632 694 662 743 et
675 679 830 764 Priapeia,
843 695 873 745 et
886 680 1128 767 Epigrammata,
1141 704 1171 753 et
1184 689 1295 757 Diras:

108 758 271 838 etCnlicem,
285 764 355 825 ciun
377 776 455 823 esset
476 783 625 826 annorum
650 764 832 847 quindecim.
877 764 975 850 Cujus
1001 775 1125 837 materia
1145 776 1214 839 talis
1239 792 1294 843 est.

109 839 195 907 Pastor
205 845 348 926 fatigatus
362 860 450 923 aestn,
464 867 556 929 quum
569 849 625 910 suh
638 849 747 912 arbore
761 850 971 930 obdormisset,
982 867 1013 915 et
1024 874 1143 937 serpens
1158 861 1196 922 ad
1210 861 1295 925 illum

109 930 278 1011 proreperet&
291 930 421 1012 palude3
443 931 533 993 culex
544 932 728 1016 provolavit,
741 948 831 1016 atque
845 935 923 998 inter
937 937 1000 999 duo
1010 952 1146 1021 tempora
1157 932 1295 1009 aculeum

111 1009 160 1073 trit
167 1015 278 1095 pastori.
321 1015 365 1077 At
376 1014 428 1077 ille
448 1016 594 1079 continuit
607 1016 735 1080 culicem
747 1019 899 1096 contrivit,
912 1034 942 1082 et
955 1021 1054 1086 visum
1068 1039 1234 1108 serpentem
1247 1028 1294 1091 in·

111 1098 208 1177 teremit,
222 1120 255 1160 ac
269 1099 442 1181 sepulcrum
456 1100 547 1163 culici
563 1101 676 1179 statuit,
691 1115 721 1164 et
735 1103 886 1166 distichon
900 1103 986 1167 fecit:

278 1182 382 1247 Por'oe
397 1183 492 1262 celer,
501 1185 651 1268 pecudum
665 1197 761 1250 curtos
776 1186 833 1249 tibi
846 1187 905 1252 tole
919 1191 1041 1252 merenti

278 1266 412 1331 Funeris
426 1268 554 1351 officium
567 1269 636 1333 aitte
688 1293 705 1333 o
720 1293 837 1337 munem
851 1272 958 1335 reddit.

114 1339 210 1430 Scripsit
220 1352 317 1428 edam,
329 1353 369 1415 de
380 1354 442 1435 quit
457 1355 632 1435 ambigitur,
643 1292 780 1420 {rituam
823 1355 868 1419 Et
890 1377 971 1435 mor,
986 1359 1054 1421 cinn
1076 1379 1123 1421 res
1138 1359 1296 1429 Romanas

113 1428 254 1525 inficiunt,
268 1437 400 1501 oti'ensus
422 1438 558 1514 materiis,
581 1453 612 1501 et
634 1439 789 1503 nominum
808 1441 979 1525 asperitate,
996 1444 1034 1505 ad
1049 1442 1200 1509 Bucolica
1214 1460 1297 1509 tran-

113 1527 164 1573 ant:
178 1521 294 1583 maxime
310 1535 344 1583 ut
356 1521 499 1603 Asinium
517 1522 701 1602 Pollionem,
715 1525 890 1609 Alphenum
912 1524 1039 1604 Varum,
1064 1542 1094 1591 et
1117 1528 1296 1601 Cornelium

115 1593 207 1667 Galim
216 1606 396 1671 celebraret:
418 1607 493 1689 qnia
506 1607 538 1668 in
558 1607 771 1672 distributione
793 1630 938 1691 agrorum
953 1611 1004 1693 qui
1025 1624 1094 1696 post
1116 1611 1296 1699 Philippen-

114 1687 308 1753 tenvictoriam
319 1693 481 1768 veteranis,
496 1689 741 1756 Triumvirornm
759 1695 859 1776 jussu,
875 1708 958 1757 trans
972 1694 1093 1759 Padum
1117 1698 1296 1762 divideban-

113 1775 161 1863 tur,
167 1769 319 1838 indemnem
343 1797 376 1837 se
395 1776 615 1859 praestitissent.
658 1775 780 1842 Deinde
796 1778 952 1861 Georgica
965 1781 997 1843 in
1013 1781 1157 1843 honorem
1180 1781 1296 1846 Maece·

114 1863 173 1912 nans
183 1859 280 1922 edidit:
303 1861 374 1922 cium
393 1861 450 1923 sibi
463 1860 587 1924 vixdum
602 1875 677 1924 noto
689 1885 779 1945 opem
791 1863 907 1926 tulisset
921 1864 1064 1927 adversus
1077 1864 1202 1928 Claudii
1214 1882 1296 1930 vete·

111 1934 262 2031 'issjmilitin
272 1944 323 2007 vel
338 1957 370 2006 nt
383 1945 435 2007 alii
449 1959 568 2029 putant,
578 1947 646 2009 Arii
659 1948 844 2011 centurionis
854 1947 1046 2011 violentiam:
1062 1949 1150 2031 aquo
1162 1952 1194 2012 in
1204 1950 1295 2013 alter·

111 2029 202 2088 canone
216 2028 273 2092 litis
288 2030 422 2111 ngrarioe
436 2031 545 2114 partim
561 2032 659 2093 abfuit
673 2032 747 2114 quin
763 2032 961 2095 occideretur.
1005 2032 1179 2096 Novissime
1195 2048 1295 2099 autem

107 2095 235 2175 Eundem
247 2134 411 2196 aggressus
419 2129 474 2193 est,
484 2130 696 2196 argumennrm
709 2117 827 2180 varium
836 2130 866 2178 et
875 2116 1042 2200 multiplex,
1052 2131 1082 2180 et
1094 2119 1179 2200 qnasi
1190 2120 1296 2181 ambo·

109 2188 282 2283 ‘pulionem
294 2199 460 2261 carminum
474 2201 585 2262 instar:
600 2201 749 2285 praeterei
758 2202 931 2264 nominibus
941 2223 977 2264 ac
988 2203 1086 2280 rebus,
1100 2202 1218 2265 Groecis
1230 2202 1296 2266 Ln-

108 2279 216 2369 mleque,
237 2303 419 2347 commune:
441 2297 472 2346 et
489 2283 607 2365 inquo,
623 2287 706 2367 quod
720 2286 851 2348 maximis
868 2287 1017 2364 studebat,
1038 2286 1191 2350 Romanae
1205 2288 1295 2351 simul

109 2354 203 2427 mhleet
213 2367 344 2449 Augusti
360 2368 449 2449 origo
464 2369 677 2433 contineretur.
722 2369 804 2433 Cirm
820 2370 976 2452 Georgica
999 2371 1151 2449 scriberet,
1166 2372 1297 2434 traditur

109 2445 211 2534 tuende
230 2452 393 2537 meditatos
415 2473 504 2516 mnne
525 2452 672 2536 plurimos
695 2474 799 2516 versus
814 2456 929 2517 dicture
948 2454 1063 2532 solitus,
1080 2477 1115 2516 ac
1130 2476 1184 2538 per
1199 2468 1296 2519 toturn

107 2518 165 2592 den
179 2536 367 2599 retractando
381 2538 421 2599 ad
435 2537 634 2620 paucissimos
649 2538 804 2620 redigere:
826 2560 888 2600 non
905 2539 1047 2614 absurde,
1062 2558 1184 2601 carmen
1199 2560 1230 2600 se
1245 2561 1295 2600 ur-

105 2625 136 2671 st
151 2635 223 2683 more
241 2642 352 2721 parere
374 2622 488 2699 dicens,
504 2636 533 2684 et
547 2622 711 2685 lambendo
725 2624 846 2684 demum
861 2623 1014 2701 effingere.
1056 2620 1179 2683 Eneida
1204 2622 1296 2704 prosi

103 2696 165 2775 prius
176 2719 311 2768 cranone
332 2705 502 2783 formatam,
521 2706 732 2789 digestnmque
747 2708 778 2768 in
793 2706 956 2768 duodecim
971 2705 1074 2780 libros,
1089 2704 1294 2787 particulatim

100 2800 255 2871 componere
269 2789 408 2866 instituit,
424 2803 458 2852 nt
469 2791 593 2872 quidam
608 2791 741 2854 tradunt.
784 2791 848 2852 Alii
864 2791 929 2869 ejus
944 2789 1099 2851 sententiae
1114 2802 1184 2851 surrt
1195 2802 1229 2850 nt
1243 2811 1294 2850 ex·

95 2863 204 2937 imment
216 2896 297 2952 eum,
312 2874 337 2935 si
361 2874 474 2937 diutins
496 2875 627 2952 visisset,
644 2888 774 2957 quatuor
788 2887 818 2935 et
833 2872 942 2953 viginti
957 2872 1052 2933 libros
1065 2893 1160 2955 usqne
1175 2874 1214 2936 nd
1228 2872 1294 2936 Au·

90 2958 155 3034 gusti
177 2973 316 3043 tempora
342 2959 540 3040 scripturum:
575 2974 665 3039 atquc
688 2958 749 3019 alia
773 2957 894 3039 quidem
914 2971 1136 3039 percursurum,
1160 2958 1295 3040 Augusti

86 3042 144 3106 reri
168 3057 256 3125 gesta
277 3041 509 3123 diligentissime
532 3056 745 3104 executurum:
769 3042 881 3124 quippe
905 3040 957 3121 qui
981 3041 1053 3103 dnm
1079 3043 1232 3118 scriberet,
1256 3062 1295 3103 nc

82 3128 144 3208 quid
162 3130 311 3211 impetum
332 3141 510 3204 moraretur,
535 3127 678 3209 quaedam
701 3126 876 3208 imperfecta
890 3124 1029 3205 reliquit:
1051 3125 1113 3187 alia
1135 3126 1293 3187 levissimis

80 3214 206 3275 versibus
219 3210 351 3293 scripsit,
366 3208 443 3292 quos
466 3233 522 3294 per
534 3213 642 3291 jocum
666 3232 723 3294 pro
739 3209 844 3291 tigillis
859 3208 906 3270 vel
922 3208 1096 3270 tibiciuibns
1108 3210 1259 3291 interponi
1276 3211 1293 3271 a

75 3317 104 3358 se
115 3298 246 3373 dicebat,
263 3296 303 3358 ad
318 3295 554 3357 sustinendumo
576 3316 621 3372 us,
637 3295 734 3357 donec
747 3294 854 3355 solidae
869 3293 1021 3354 columnte
1034 3293 1219 3355 advenirent.
1256 3330 1260 3337 ·

111 3380 265 3444 Bucolica
280 3378 420 3457 triennio,
442 3378 543 3442 Asinii
555 3317 707 3442 l'ollionis
723 3400 823 3455 suasu,
836 3377 970 3462 perfecit.
1013 3375 1075 3438 Hic
1094 3376 1296 3461 Transpada·

70 3488 140 3529 narn
152 3465 347 3550 provinciam
362 3465 505 3545 regebat;
527 3466 613 3546 cujus
628 3464 741 3540 favore,
757 3463 826 3524 crim
841 3461 990 3524 veteranis
1001 3462 1134 3542 Augusti
1147 3462 1292 3529 militibus

69 3550 325 3615 Cremonensium
351 3561 381 3611 et
402 3547 642 3611 Mantuanorum
666 3549 734 3629 agri
758 3547 1016 3621 distribuerentur,
1043 3566 1113 3607 suos
1141 3544 1292 3627 Virgilius

67 3659 129 3700 non
145 3635 258 3698 arrisit
303 3631 403 3707 Facti
424 3632 505 3695 enim
528 3632 750 3708 distributione,
772 3653 852 3707 suos,
869 3629 1003 3692 Claudio
1026 3651 1077 3690 seu
1092 3630 1170 3693 Ario
1193 3632 1291 3705 datos,

67 3719 273 3804 recuperavit.
317 3716 411 3781 Hunc
433 3716 607 3781 Pollionem
621 3717 752 3781 maxime
769 3717 882 3777 amavit
894 3713 996 3790 Maro,
1018 3728 1047 3775 et
1061 3715 1188 3777 dilectus
1201 3716 1239 3775 ab
1254 3734 1291 3773 eo

67 3825 185 3888 magna
198 3824 327 3866 munera
349 3801 435 3880 tulit;
457 3801 570 3884 quippe
582 3800 634 3883 qui
649 3802 793 3863 invitatus
805 3800 845 3862 ad
859 3820 988 3875 coenam,
1004 3812 1110 3882 captus
1124 3798 1292 3881 pulchritu-

66 3891 139 3953 dine
155 3903 187 3951 et
197 3887 359 3969 diligentiis
369 3886 538 3949 Alexandri
549 3884 701 3948 Pollionis
715 3885 811 3969 pueri,
827 3904 895 3945 eum
919 3884 1001 3946 dorm
1016 3883 1143 3966 accepit.
1186 3881 1291 3962 Hujus

66 3973 223 4039 Pollionis
244 3972 342 4037 filiurn
362 3969 403 4034 C.
426 3970 568 4035 Asinium
590 3968 769 4032 Cornelium
791 3968 924 4045 Gallum,
948 3981 1098 4030 oratorem
1120 3967 1246 4041 clarum,
1261 3976 1291 4026 et

67 4062 196 4141 poetam
211 4078 275 4122 non
285 4057 479 4132 mediocrem,
491 4055 570 4118 miro
582 4075 685 4116 amore
696 4053 801 4116 dilexit
812 4051 971 4134 Virgilius.
1015 4051 1047 4114 Is
1059 4050 1211 4113 transtulit
1223 4048 1290 4110 Eu-

68 4141 253 4225 phorionem
275 4142 308 4205 in
333 4139 479 4205 Latinum
486 4162 497 4220 3
519 4153 549 4202 et
571 4139 657 4202 libris
680 4151 810 4221 quatuor
833 4158 950 4199 amores
971 4158 1041 4198 snos
1062 4136 1100 4194 dc
1123 4132 1290 4213 Cytheride

68 4225 201 4308 scripsit.
244 4224 308 4290 llic
322 4226 422 4309 prirnd
433 4225 465 4287 in
481 4224 614 4288 anicitii
628 4220 764 4287 Goesaris
777 4223 908 4304 Augusti
924 4222 980 4282 suit
986 4243 996 4298 3
1018 4217 1124 4301 postci
1138 4217 1169 4277 in
1192 4217 1289 4301 suspi-

68 4310 192 4375 cionem
205 4309 426 4393 conjurationis
440 4323 547 4373 ronna
560 4308 647 4371 illurn
661 4307 820 4383 adductus,
837 4306 953 4368 occisus
968 4316 1021 4365 est.
1065 4299 1290 4382 Verum-nsque

69 4391 149 4459 adesi
164 4394 247 4457 bunc
268 4393 394 4457 Gallum
406 4391 558 4474 Virgilius
576 4393 702 4468 amitat,
724 4404 758 4453 ut
780 4401 904 4472 quartus
920 4386 1141 4466 Georgicorum
1156 4385 1175 4449 a
1188 4385 1289 4447 medio

71 4498 167 4561 nsque
183 4478 226 4541 ad
238 4478 331 4541 finem
342 4479 407 4561 ejus
428 4477 551 4541 laudem
566 4476 733 4540 contineret
739 4497 750 4555 3
772 4493 861 4557 quem
872 4471 989 4558 postei,
999 4470 1126 4556 jubente
1139 4469 1298 4556 Augusto,

69 4561 103 4628 ‘m
114 4561 246 4631 artemi
258 4560 393 4627 saboim
407 4560 605 4625 commutarit.
