2724 5122
626 182 747 250 virs.
1272 220 1304 269 n

23 314 27 443 ἱ
99 327 178 395 nde
199 330 284 395 enim
310 332 407 414 podta
431 328 484 393 ille
508 330 651 413 egregias
677 333 851 414 sententias,
877 336 933 401 rub
958 341 1060 402 verbis
1084 360 1148 407 nou
1172 342 1302 408 multim

23 462 25 471 .
99 416 197 479 noma
239 413 451 497 interroganti
473 415 617 498 Augusto
639 437 702 500 qno
725 431 819 501 pacto
839 418 965 484 feliciter
985 424 1095 488 civitas
1115 427 1302 510 gubernare-

97 514 147 579 tn;
165 498 206 576 st,
229 500 341 582 inquit,
363 499 576 585 prudentiores
584 504 750 565 ¹'temonem
774 503 935 582 tenuerim,
958 520 988 570 et
1009 509 1084 573 boni
1107 512 1197 575 malis
1219 533 1302 597 prar-

97 596 242 683 pooantur3
263 585 369 667 itaque
382 584 492 669 optimi
504 604 575 648 suos
589 585 723 649 habeant
745 587 887 666 honoret,
902 589 978 652 nulli
992 605 1094 658 tamen
1108 596 1238 660 aliorum
1253 598 1301 660 iu·

94 669 153 748 Jmt'
172 669 333 753 quicquam
359 669 423 731 liat
466 670 511 732 At
529 668 687 733 Maecenas
694 695 705 752 ;
738 671 836 755 Quid,
847 672 948 757 inquit
972 670 1113 759 Virgilio,
1130 681 1299 745 satietatem

98 753 190 817 bonini
203 773 266 817 non
277 754 386 817 affert?
428 752 707 835 Omniumrernm,
720 756 888 841 respondit,
907 771 961 821 aut
974 759 1139 826 similitudo
1153 779 1208 828 aut
1219 766 1303 829 mul-

98 838 176 901 titudo
196 840 388 902 stomachum
410 838 493 916 fucit,
517 853 631 923 praeter
655 840 835 924 intelligere.
889 839 977 906 Idem
1004 843 1066 906 inte
1179 850 1213 928 Ἰ,
1236 872 1301 934 quo

52 935 55 939 ’
98 925 244 1007 pactoquis
259 924 353 987 altum
365 923 544 1007 felicemque
558 924 711 989 fortunam
727 866 1188 1012 suamrervareposeetlmg'i'
1189 928 1281 999 blara
1288 958 1299 1017 ς

99 1006 127 1068 Si
137 1008 271 1090 quantum
285 1009 404 1073 honore
425 1029 461 1071 ac
483 1009 598 1072 divitiis
619 1008 688 1072 aliis
724 1004 898 1074 raestairtior
912 1012 959 1090 sit,
973 1013 1060 1075 tantd
1074 1012 1256 1082 liberalitate
1268 1034 1300 1083 et

95 1091 190 1171 justitiis
210 1095 287 1158 alios
314 1112 459 1179 superare
482 1095 605 1157 nitatur.
650 1032 768 1158 Saltus
793 1108 861 1159 erat
882 1096 992 1175 dicere,
1017 1097 1134 1160 nullam
1157 1100 1298 1167 virtutem

100 1179 310 1243 ttmodiorein
331 1178 448 1241 homini
463 1199 527 1242 esse
541 1179 705 1264 patientii3
728 1200 765 1242 ac
779 1179 894 1243 nullam
906 1201 1046 1267 asperam
1059 1182 1137 1246 aded
1152 1204 1217 1247 esse
1238 1187 1300 1249 sor·

101 1271 295 1413 mnam
312 1264 479 1349 prudenter
492 1264 638 1349 patiendo
651 1264 699 1329 vir
711 1264 796 1327 sortis
808 1284 871 1328 non
881 1266 1002 1329 rincum
1025 1264 1130 1348 Quian
1144 1267 1177 1331 in
1192 1269 1301 1352 quinto

233 1350 377 1413 irueruit·

23 1426 25 1433 ’
214 1433 302 1498 Nate
316 1394 690 1520 Deb,pudfmutrulunt,
706 1434 1119 1521 retrabuutque,sequumur.·

219 1518 378 1604 Quicquid
389 1519 456 1596 erit,
467 1519 639 1605 superando
651 1519 879 1605 umubsortuuu
884 1519 1011 1605 suendo
1027 1533 1079 1585 cst.

103 1595 163 1664 cm
183 1605 307 1686 quidam
327 1605 393 1685 ejus
414 1605 530 1667 amicus
557 1603 719 1667 Cornificii
740 1606 772 1666 in
793 1626 862 1667 eum
886 1606 1051 1668 maledicta
1070 1622 1100 1676 et
1122 1607 1298 1672 inimicitias

102 1682 145 1746 tibi
154 1704 298 1768 acumen
320 1689 425 1772 Quam
439 1703 539 1772 putas,
554 1689 663 1790 inquit,
687 1710 752 1752 esse
766 1690 892 1774 hujusce
906 1690 1128 1753 malevolentiae
1152 1694 1298 1757 causam?

102 1784 154 1833 nem
175 1794 267 1856 oeque
292 1794 429 1856 unquam
457 1772 661 1837 Camillorum
686 1774 809 1853 offendi,
834 1787 864 1837 et
886 1795 955 1838 eum
979 1796 1058 1839 arno.
1102 1775 1163 1854 An,
1188 1777 1297 1858 iuquit,

102 1847 201 1921 Hesiodi
214 1859 372 1922 seutentiae
387 1868 449 1921 uon
463 1859 635 1937 meministi,
651 1858 705 1921 ubi
728 1861 781 1936 ait,
796 1859 1006 1922 Architectum
1030 1860 1195 1923 architecto
1219 1862 1301 1924 invi·

101 1935 336 2028 dueetpofitam
362 1943 492 2027 poetae?
513 1945 552 2007 de
574 1945 673 2022 malis,
701 1944 809 2027 inquit,
831 1943 960 2006 Graecus
974 1944 1026 2007 ille
1039 1944 1186 2013 intellexit
1193 1968 1203 2024 ;
1226 1966 1298 2009 uam

101 2019 340 2093 bouiemditiores
354 2042 468 2091 amant
511 2027 574 2092 Sed
598 2027 712 2110 magni
735 2049 804 2090 cum
829 2029 898 2090 mei
911 2028 1001 2091 laude
1022 2043 1051 2090 et
1066 2029 1167 2110 gloriis
1177 2030 1297 2093 vindic-

100 2113 183 2175 uuio
202 2135 297 2176 manu
318 2113 428 2176 babeo.
470 2111 592 2194 lllaj0re
612 2115 693 2175 enim
707 2112 783 2178 curis
803 2112 908 2175 virtuti
922 2113 1094 2191 intendam3
1118 2128 1209 2196 atque
1234 2116 1296 2198 qud

99 2189 241 2276 tltgantior
331 2198 414 2276 bam,
437 2196 474 2260 ed
499 2197 705 2277 vehementius
720 2197 838 2261 invidt
851 2211 1018 2282 rumpetur.
1061 2196 1141 2260 Erat
1153 2200 1297 2281 Augusto

100 2272 229 2345 familiaris
279 2282 375 2347 ilistus
399 2282 535 2365 quidam,
559 2297 672 2360 oratur,
696 2296 727 2345 et
749 2283 860 2367 poe'sln
883 2283 1075 2345 mediocriter
1102 2283 1221 2363 doctus,
1245 2285 1296 2347 cui

99 2364 227 2451 adaptex
248 2368 430 2450 vanumque
451 2366 608 2448 ingenium
633 2380 716 2446 erat;
738 2368 851 2450 quique
875 2367 1010 2429 omnium
1032 2367 1137 2431 omnia
1151 2367 1235 2431 dicta
1248 2390 1295 2431 re-

98 2448 255 2525 prehendere
268 2453 455 2530 couabatur3
477 2472 539 2514 non
551 2466 585 2515 ut
599 2472 705 2524 verum
718 2452 920 2534 dignosceret,
936 2451 1020 2535 quod
1038 2452 1182 2515 Socrates
1195 2452 1296 2517 iacere

97 2541 237 2614 tonuerit,
250 2537 304 2600 sed
318 2550 353 2599 ut
365 2536 513 2599 eruditior
533 2537 696 2599 videretur.
741 2527 803 2599 Hic
824 2534 1005 2617 Virgilium,
1026 2536 1200 2620 ubicunque
1221 2559 1295 2600 con-

95 2621 174 2684 voire
193 2624 335 2700 dabatur,
357 2620 527 2684 maledictis
549 2621 724 2703 salibusque
738 2621 880 2683 vexabat.
925 2619 1031 2701 Quare
1056 2619 1108 2681 ille
1128 2641 1221 2705 saepe,
1243 2636 1297 2686 aut

92 2705 251 2771 ladbundus
265 2706 450 2784 discedebat,
473 2719 526 2768 aut
548 2706 677 2768 suffusus
699 2706 816 2789 pudore
831 2705 962 2767 tacebat.
1006 2702 1122 2766 verum
1137 2705 1206 2767 edm
1229 2707 1296 2768 Au-

88 2804 162 2868 msto
175 2792 317 2854 audiente
338 2791 492 2872 elinguem
514 2790 600 2853 illum
616 2791 740 2864 diceret,
755 2804 785 2852 et
807 2810 932 2853 causum
947 2789 1038 2851 etiam
1062 2809 1158 2867 suam,
1186 2790 1211 2851 si
1237 2790 1297 2852 lin·

84 2892 164 2953 guam
189 2877 325 2954 baberet,
348 2875 508 2938 defendere
528 2876 671 2958 nequire3
704 2873 802 2952 Tace,
828 2873 937 2956 inquit,
961 2873 1080 2937 rabula.
1123 2871 1206 2936 Nam
1227 2875 1297 2939 haee

81 2977 140 3022 mea
151 2961 341 3023 taciturnitas
355 2960 542 3022 defensorem
561 2981 722 3023 causarum
737 2980 873 3022 mearum
888 2959 1063 3041 Augustum
1077 2958 1159 3035 iecit,
1174 2973 1204 3021 et
1214 2958 1295 3022 Mie-

28 3110 32 3115 ,
79 3060 224 3125 ceratem
246 3059 277 3108 et
290 3045 328 3106 ei
338 3044 422 3122 tubi,
434 3045 504 3107 clun
519 3045 601 3122 volo,
617 3045 737 3127 loquor,
754 3065 824 3126 quse
836 3044 949 3124 ubique
964 3060 994 3105 et
1005 3044 1175 3106 diutissime
1191 3045 1295 3107 audie·

76 3143 127 3193 tur.
170 3129 222 3193 'I'u
245 3129 430 3213 loquacitate
456 3150 518 3191 non
541 3130 633 3192 modii
660 3151 748 3191 aures
774 3129 942 3205 hominum,
968 3129 1020 3189 scd
1041 3149 1144 3189 muros
1167 3129 1293 3212 rumpis.

74 3215 226 3298 Augustus
241 3216 315 3278 verti
330 3213 472 3286 Filistum
494 3215 583 3295 gravi
605 3216 688 3277 vultu
709 3213 888 3297 increpavit.
932 3210 1144 3290 'I'unclllar03
1168 3213 1203 3274 Si
1218 3227 1295 3276 tem·

72 3321 136 3382 pus,
146 3300 266 3378 Caesar,
280 3299 388 3382 inquit,
399 3299 519 3362 tacendi
532 3299 581 3361 hic
594 3300 692 3376 sciret,
709 3298 779 3360 rard
790 3299 973 3381 loqueretur.
1017 3295 1198 3360 Tacendum
1213 3298 1294 3361 enim

71 3406 186 3470 semper
205 3400 262 3464 est,
286 3385 345 3452 uisi
366 3385 435 3446 cium
458 3384 650 3447 taciturnitas
673 3385 728 3446 tibi
752 3396 870 3467 noceat,
894 3397 947 3444 aut
972 3382 1072 3444 oratio
1096 3382 1164 3444 aliis
1187 3385 1292 3466 prosit.

69 3469 151 3533 Nam
172 3472 226 3552 qui
248 3469 414 3546 contendit,
429 3482 460 3532 et
479 3489 519 3531 an
541 3469 743 3531 contentionis
758 3469 826 3530 riuis
841 3468 923 3530 utilis
946 3466 985 3528 sit
1008 3488 1070 3528 non
1085 3468 1180 3546 novit,
1196 3469 1294 3532 stultis

68 3555 153 3618 illum
169 3556 433 3618 annumerandum
448 3554 598 3638 sapientes
610 3566 730 3653 putant.
774 3553 980 3634 Posteaquam
995 3553 1165 3634 Augustus.
1177 3555 1294 3616 summis

67 3661 169 3702 rerum
184 3641 322 3703 omnium
344 3640 458 3723 potitus
472 3653 528 3716 est,
549 3653 633 3701 vemt
650 3637 683 3700 in
697 3651 837 3714 mentem,
853 3658 892 3699 an
905 3637 1089 3700 conduceret
1100 3639 1293 3718 tyrannidem

68 3727 208 3788 omittere
228 3738 259 3786 et
273 3744 394 3787 onmem
414 3736 594 3808 potestatem
617 3723 725 3796 minub
740 3722 925 3798 consulibus,
947 3734 977 3783 et
991 3722 1119 3783 Senatui
1137 3720 1291 3806 Rempub.

66 3810 204 3872 reddere.
247 3807 287 3871 ln
301 3809 363 3891 qui
375 3829 409 3871 re
430 3808 560 3871 diversae
583 3809 738 3871 sententite
753 3805 908 3870 consultos
923 3806 1030 3868 habuit
1047 3805 1248 3871 Maecenatem
1263 3825 1294 3869 et

66 3896 262 3979 Agrippam
282 3893 425 3976 Agrippa
439 3892 530 3970 enim,
545 3891 619 3957 utile
641 3893 698 3954 sibi
719 3892 792 3969 sore,
808 3891 927 3953 etiamsi
941 3891 1100 3957 honestum
1122 3912 1184 3953 non
1206 3905 1291 3969 esset,

67 3980 240 4062 relinquere
266 3978 469 4062 tyrannidem,
492 3977 588 4058 longi
607 3977 746 4040 oratione
760 3976 916 4038 contendit
923 3999 933 4054 ;
955 3977 1038 4058 quod
1059 3974 1216 4039 Maecenas
1239 3977 1291 4038 de·

63 4064 184 4143 ¹hortari
206 4063 396 4209 magnoperb
410 4062 589 4129 conabatur.
634 4061 739 4144 Quare
752 4061 885 4143 Augusti
901 4060 1020 4123 artimus
1035 4074 1065 4122 et
1085 4060 1154 4122 lrinc
1176 4061 1292 4122 sereba-

67 4162 117 4209 tur
130 4161 162 4210 et
174 4147 271 4209 illinc.
346 4160 415 4210 rant
427 4145 509 4208 enim
524 4145 653 4222 diuersas
671 4146 826 4208 sententiae
840 4146 934 4208 variis
959 4145 1128 4207 rationibus
1151 4145 1291 4208 firmatae.

67 4230 209 4314 Rogavit
223 4231 320 4312 igitur
332 4229 504 4308 Maronem,
527 4251 568 4291 an
589 4229 725 4292 conferat
738 4230 860 4314 privato
875 4230 992 4292 homini
1016 4249 1047 4289 se
1068 4226 1100 4288 in
1113 4229 1167 4291 sui
1181 4232 1292 4314 repub·

67 4315 129 4379 lici
155 4328 321 4397 tyrannum
344 4315 453 4378 iacere.
505 4312 590 4376 Tum
614 4314 682 4390 ille;
713 4314 865 4377 Omnibus
891 4314 996 4391 ferme,
1018 4312 1127 4393 inquit,
1153 4317 1291 4399 rempub.

69 4400 294 4482 aucupantibus
316 4399 444 4462 molesta
466 4400 535 4483 ipsa
557 4396 694 4481 tyrannis
718 4397 775 4459 suit
797 4411 827 4459 et
849 4397 1079 4478 civibuquuia
1094 4419 1213 4462 necesse
1227 4412 1293 4460 erat

68 4498 195 4569 propter
220 4483 294 4546 odia
316 4484 506 4547 subditorum
531 4496 585 4545 aut
606 4501 711 4544 eorum
734 4482 922 4564 injustitiam,
946 4485 980 4545 iu
994 4483 1111 4569 magni
1123 4484 1302 4575 suspicione

70 4587 247 4651 magnoque
268 4567 379 4632 timore
399 4568 516 4644 viver&
533 4566 592 4630 red
609 4566 638 4629 si
658 4566 741 4631 eires
754 4568 877 4655 justum
903 4568 1043 4661 aliquem
1065 4577 1198 4659 scirent,
1218 4589 1318 4660 quem
