2724 5122
362 343 410 430 P.
434 342 698 432 VIRGILH
720 343 1001 439 MARONIS

250 731 599 810 DESCRIPTA
636 732 749 808 PER
787 733 1119 827 CONSULES,

406 914 447 980 a,
475 912 669 979 canone
690 912 848 1019 numo,
871 914 905 979 s.
927 915 958 979 J.

178 1120 397 1173 mmm
431 1121 555 1183 mm
700 1097 836 1147 veterum
859 1085 996 1171 lapidum
1024 1108 1061 1152 ac
1086 1097 1296 1152 monumento-

206 1184 529 1232 crffloimmsnunust.
700 1189 779 1246 rum,
808 1189 878 1251 quae
916 1169 1088 1270 Vergilium
1120 1172 1297 1256 proferunt,

205 1245 515 1295 nhcmmcussort.
702 1254 866 1336 quicquam
888 1255 1014 1332 evincit3
1036 1256 1106 1319 ciam
1130 1254 1193 1316 olis
1206 1257 1298 1319 etiarn

154 1331 317 1398 UBLIUS
354 1331 534 1396 Venusinus
568 1332 669 1398 Mino
701 1337 862 1421 comploro
880 1336 1049 1423 Wrgilium
1071 1339 1219 1420 babeant;
1242 1361 1298 1402 nee

39 1496 42 1501 Ι
173 1420 308 1482 nascitur
324 1419 357 1480 in
375 1439 469 1501 pago,
490 1418 540 1481 cui
559 1439 671 1483 nomen
703 1420 818 1484 Graeca
851 1420 958 1484 Suidae
987 1423 1123 1506 scriptio,
1152 1427 1297 1499 ουίργίλιαε

47 1499 241 1587 est-dadcqqni
250 1502 388 1566 termille
417 1501 672 1567 assibusMsntui
701 1506 771 1569 cirm
785 1505 958 1592 Stephanus
981 1507 1094 1570 scribat
1114 1509 1146 1570 in
1164 1506 1299 1572 dictione

67 1584 179 1666 ‘distem
190 1589 299 1654 Idibus
310 1523 465 1664 Octobris,
481 1588 534 1670 qui
548 1589 612 1650 dies
625 1604 671 1652 est
700 1589 836 1653 Mantua
863 1600 983 1668 Βιργιλιος,
1008 1611 1064 1652 nec
1090 1606 1214 1674 etymon
1241 1613 1297 1654 no·

96 1667 159 1733 illius
169 1674 275 1736 mensis
290 1673 426 1735 decimus
445 1672 577 1753 quintus.
621 1672 671 1736 lta
700 1676 790 1736 minis
805 1676 824 1736 i
842 1673 923 1738 Vm
947 1688 999 1736 out
1024 1673 1060 1737 V
1057 1675 1174 1760 ergiliia
1189 1677 1298 1755 stellis3

95 1753 152 1816 vite
169 1758 304 1842 scriptor.
348 1756 397 1819 lta
419 1755 563 1839 Phlegon
585 1758 668 1841 apud
699 1760 769 1822 cium
784 1758 836 1821 alii
858 1759 1012 1822 deducant
1033 1760 1052 1820 i
1071 1761 1161 1859 oirgd
1182 1759 1296 1837 laurei,

98 1835 227 1904 Plotium:
238 1840 565 1915 &minantis-strauit:
573 1844 668 1914 bonta
700 1865 791 1924 quarn
813 1864 979 1927 praegnuns
1005 1856 1102 1906 mater
1127 1867 1160 1906 m
1183 1845 1298 1906 somnis

96 1927 240 1991 τέτυτέἴτυς
253 1925 318 1990 ctiam
336 1925 480 1999 'matiam
512 1924 668 2010 Virgilius
699 1929 792 2006 vidit;
826 1927 878 1989 alii
905 1927 1034 2012 tiuirgd
1059 1929 1202 2014 populei‚
1227 1940 1297 2010 quae

97 2001 265 2095 oiloropoito
277 2021 366 2074 omui
379 2021 421 2073 ert
432 2010 511 2072 loci
531 2031 563 2073 so
577 2032 667 2088 uano,
700 2026 770 2096 post
790 2013 854 2094 ojus
876 2026 976 2073 ortum
992 2032 1076 2074 more
1097 2015 1196 2094 gentis
1212 2011 1297 2074 humi

97 2084 178 2156 ltila
215 2094 363 2158 Octobris.
433 2094 482 2157 lta
553 2095 669 2158 artialis
700 2097 871 2174 defixaest3
893 2095 946 2157 alii
962 2095 1041 2158 tioir
1064 2096 1298 2161 inoliverecun·

99 2169 185 2258 Epigr.
199 2180 220 2241 l.
239 2185 289 2242 12
310 2185 361 2243 68.
411 2177 549 2242 Octobris
571 2178 668 2243 Maro
699 2180 761 2256 dii,
776 2195 1005 2264 propterquam
1053 2180 1298 2265 eapoliPortbe·

99 2264 252 2327 emanavit
275 2262 359 2327 Idus.
403 2263 528 2326 Patrem
552 2264 667 2342 habuit,
699 2264 767 2327 aior
787 2287 805 2325 a
828 2265 957 2348 peilatus
978 2279 1032 2342 cst,
1058 2266 1075 2327 i
1097 2267 1212 2342 παρῦὸος,
1236 2265 1298 2326 uir·

101 2357 128 2401 01
145 2345 410 2425 Pseudo-Donato,
434 2346 594 2410 Maronem
601 2371 610 2427 ;
632 2369 670 2409 ex
696 2370 750 2432 go.
826 2371 867 2430 go
882 2370 951 2410 cum
967 2349 1071 2411 Pierio
1090 2349 1238 2427 existimo,
1252 2349 1297 2411 sa·

100 2421 188 2510 Probo,
198 2433 382 2514 Virgilium:
395 2430 667 2509 matrem,Maiam.
699 2433 787 2495 cilem
828 2433 994 2515 aliquando
1026 2446 1057 2495 et
1091 2434 1297 2516 promIscuant

99 2505 176 2594 Pater,
194 2539 232 2580 ex
255 2517 376 2594 Servio,
392 2518 468 2579 civis
481 2515 670 2579 Mantuanus
700 2517 792 2579 fuisse
803 2518 1071 2581 commutationem
1082 2518 1297 2579 elementorum

97 2591 149 2675 stin
166 2624 200 2664 ex
222 2603 341 2680 Probo,
365 2602 510 2679 rusticum
532 2622 569 2662 ex
590 2601 668 2681 aliis,
701 2600 734 2664 Ε
748 2600 817 2663 etl.
847 2600 910 2678 Sic,
926 2615 1001 2663 teste
1016 2600 1298 2683 Quinctiliano,d‘r-

97 2684 174 2762 opifex
194 2687 323 2767 figulus3
345 2708 383 2748 ex
404 2685 669 2749 Pseudo-Donato
701 2687 827 2748 cebatur
850 2707 868 2748 a
893 2686 932 2748 ud
958 2697 1074 2748 veteres
1096 2684 1219 2762 Deoua,
1241 2706 1298 2769 pro

96 2772 286 2847 mercenarius,
302 2772 441 2832 isocero
455 2769 543 2831 Maio
565 2773 669 2851 gregi-
699 2768 827 2847 Diuum
838 2708 997 2847 dimerso,
1010 2790 1068 2853 pro
1079 2768 1242 2845 Miaccum
1252 2769 1299 2832 Ie·

93 2849 133 2914 bus
145 2855 285 2917 curandis
300 2869 330 2917 et
344 2856 388 2917 rei
403 2855 524 2917 rusticae
541 2855 669 2938 praesec-
700 2854 752 2917 ber
763 2869 793 2917 et
806 2865 962 2940 magester,
978 2876 1035 2937 pro
1049 2853 1124 2918 liber
1139 2868 1169 2916 et
1185 2854 1299 2939 mugir-

91 2948 133 3004 tut.
701 2948 754 3000 ter.
805 2939 859 3001 Sic
880 2939 1029 3022 reperitur
1051 2939 1151 3001 adhuc
1173 2940 1204 3000 in
1231 2939 1298 3021 qui-

117 3024 348 3102 Maximillam,
365 3023 669 3106 atanirgiliiexa
700 3024 829 3085 busdam
850 3023 1008 3085 codicibus
1037 3022 1214 3108 Verginius,
1242 3044 1298 3106 pro

83 3111 221 3194 cmplmia
241 3111 315 3172 vitae
339 3111 444 3171 omnia
459 3108 592 3194 Magum
614 3131 669 3170 vo·
705 3107 741 3170 V
738 3108 880 3192 irginius.
924 3107 977 3170 sic
992 3108 1084 3169 etiam
1096 3108 1186 3169 scribi
1200 3106 1299 3190 potuit

81 3209 153 3258 cant
195 3196 241 3257 At
266 3195 337 3256 clun
362 3196 426 3275 ejus
446 3193 520 3270 tilia,
543 3193 669 3276 Virgilii
705 3191 742 3255 V
738 3192 864 3275 ergilius
888 3213 945 3274 pro
972 3190 1136 3273 Virgilius.
1180 3190 1242 3252 Sed
1266 3192 1298 3252 in

78 3277 504 3361 maoer,jn1taomnesMuiu
519 3278 604 3352 dicte
617 3278 669 3340 sit:
702 3278 738 3338 iis
751 3278 891 3339 omnibus
906 3275 1020 3338 literai
1035 3275 1164 3357 denique
1179 3296 1298 3358 praeva·

77 3366 198 3427 omnino
210 3363 308 3426 Maiae
317 3376 404 3446 pater
413 3363 470 3425 suit
480 3361 595 3438 Maius,
608 3383 670 3424 non
702 3361 767 3423 luit.

74 3449 201 3532 Magus:
217 3449 348 3530 indeque
360 3461 459 3509 ortum
475 3447 624 3524 existimo,
635 3462 671 3508 ut
743 3444 810 3507 Nec
822 3445 896 3507 mihi
908 3446 1028 3507 videtur
1045 3442 1176 3529 Virgilii
1189 3466 1297 3506 nontcn

73 3534 224 3617 Virgilius
247 3532 378 3615 magicis
401 3533 517 3594 artibus
539 3531 671 3592 imbutus
702 3530 826 3592 aliunde
849 3543 1017 3612 acceptum,
1042 3530 1133 3611 quim
1158 3530 1177 3591 ai
1201 3545 1296 3613 patre.

72 3620 163 3681 fuisse
176 3618 310 3680 creditus
325 3616 365 3678 sit
378 3617 418 3678 ab
431 3615 589 3678 Elinondo
605 3636 671 3677 mo-
702 3613 737 3675 Si
758 3615 839 3676 enirn
855 3613 911 3676 suit
925 3635 1096 3695 cognomen
1112 3614 1231 3698 ioirgd
1247 3627 1300 3674 aut

71 3705 174 3766 nacho
214 3702 343 3782 aliisque
382 3699 530 3782 sequioris
576 3699 671 3761 seculi
701 3719 784 3774 vere,·
806 3699 888 3761 certe
905 3718 966 3760 non
985 3699 1119 3761 secundo
1141 3698 1220 3775 loco,
1246 3697 1297 3759 sed

71 3787 290 3889 scriptoribus:
312 3784 395 3867 qubd
410 3797 440 3847 et
457 3783 582 3865 Eclogi
603 3803 671 3866 sep-
701 3783 801 3859 tertio,
825 3803 895 3863 quae
918 3783 1110 3864 cognominis
1134 3783 1218 3844 sedes
1243 3794 1297 3858 est,

70 3875 147 3936 tium
156 3868 671 3952 magicaquaedamsacradescrip-
702 3867 901 3950 appellandus
924 3867 990 3944 suit,
1012 3866 1051 3929 P.
1067 3867 1167 3930 Meno
1180 3866 1299 3928 Vanar-

71 3959 169 4034 sisset,
180 3968 211 4019 et
219 3954 335 4038 peritus
348 3966 426 4015 esset
444 3953 608 4015 multanam
621 3973 672 4014 ar·
702 3970 789 4015 oros.
833 3950 943 4034 Neque
963 3966 1065 4014 movet
1085 3973 1142 4029 me,
1182 3950 1298 4011 addin

71 4043 161 4118 tiam,
187 4052 219 4102 et
261 4038 398 4121 raecipub
424 4058 516 4099 avum
530 4035 671 4099 habuisse
702 4037 883 4118 quibusdam
898 4037 1049 4098 veteribus
1062 3973 1298 4112 tibrie‘i’arete-

70 4125 139 4205 Ma·
181 4147 209 4187 m
246 4125 385 4185 iceretur.
700 4119 794 4184 nictit
805 4141 978 4202 cognomen
990 4121 1123 4183 secundo
1132 4119 1209 4181 serat
1217 4118 1297 4197 loco,

121 4147 277 4295 agetius
289 4229 329 4270 an
343 4204 502 4291 Vergilius
515 4203 672 4288 appellan-
702 4208 761 4268 hoc
773 4205 916 4266 nimirum
929 4204 1045 4280 ordine,
1055 4202 1094 4265 P.
1104 4203 1298 4266 Pannissus·

59 4287 132 4359 'ilus
143 4295 192 4371 sit,
208 4314 324 4376 magna
335 4291 393 4354 suit
404 4290 559 4374 superiore
571 4289 673 4351 seculo
703 4311 776 4352 sris
790 4288 942 4352 thorsrr
954 4287 1110 4350 illationis
1127 4285 1251 4350 Lmen:
1266 4288 1300 4349 id

72 4380 294 4442 controversia.
337 4376 449 4439 Stabat
458 4373 597 4455 Angelus
608 4372 672 4435 Po·
702 4373 783 4435 enirn
802 4393 838 4434 cx
854 4373 1034 4455 scriptorum
1058 4371 1178 4435 inscitii
1191 4386 1299 4436 eontra

72 4465 201 4527 litianus
214 4483 272 4546 pro
287 4458 430 4547 Vergilio
434 4482 448 4536 ,·
461 4479 519 4542 pro
534 4455 671 4541 Virgilio
703 4477 817 4518 morem
829 4454 1007 4520 Romanum
1019 4456 1136 4526 sactum
1149 4479 1216 4526 esse
1238 4476 1306 4521 rna·

74 4547 209 4611 Pierius.
261 4544 367 4620 certe,
387 4563 486 4622 oeque
503 4539 666 4605 multitudo
695 4541 839 4618 nifestum
855 4557 911 4610 est.
