2724 5122
567 188 794 255 HISTORIA.
1233 197 1296 259 xvii

65 340 191 403 derivare
202 338 248 401 ad
264 358 301 399 se
315 358 383 399 non
395 335 572 421 potuissent,
586 347 668 399 vete·
700 358 781 399 anno
791 341 842 399 28.
851 336 985 416 Senius,
994 360 1074 401 anno
1084 342 1136 402 29.
1145 338 1239 422 Atqui
1248 341 1294 401 di·

66 446 118 487 tua
131 443 359 509 possessorum
375 420 505 503 querelis
516 420 549 483 in
571 421 668 505 speci-
698 422 825 484 visionis
836 422 972 485 Actiacte
984 438 1121 507 tempore
1130 445 1226 486 annos
1240 447 1294 487 uu-

66 507 276 584 ucommoti,
287 506 407 569 bellum
420 504 452 567 iu
464 505 667 569 Octavianum
699 505 1293 591 merabatplcuosatqueiutegrosuovem

66 594 219 655 nscitunt.
266 590 399 653 Asinius
413 588 526 667 Pollio,
541 588 587 651 M.
602 591 668 651 Au·
700 612 736 651 ac
749 590 889 671 triginta:
911 592 995 671 quod
1008 593 1154 656 incuriam
1167 594 1295 678 scripto·

67 678 133 739 unii
143 674 323 759 singularis
333 676 460 751 amicus,
470 672 669 737 GalliamCi·
701 696 768 737 rum
783 674 931 756 ejusmodi
946 675 1133 740 manifestam
1149 679 1231 741 facit.

66 762 214 845 talpinum
228 760 356 821 interim
366 760 464 843 copiis
476 770 565 836 tenet,
576 760 605 821 ts
615 758 670 819 Al·
743 759 844 839 Igitur
855 760 898 821 sic
911 770 1022 821 statuo.
1051 760 1214 842 Virgilium
1226 761 1295 825 Asi·

69 846 144 929 p‘rrm
159 845 333 908 transitum
355 843 520 907 Octaviani
541 842 672 924 legioni·
702 845 755 907 nio
769 844 916 921 Pollioni,
929 858 993 906 tunt
1006 844 1037 905 in
1051 842 1297 930 GalliiCisalpi-

69 932 118 993 bos
130 928 329 1006 intercludit,
344 942 378 991 ut
392 942 560 991 constater
574 927 673 1011 Appi·
703 930 745 991 nit
764 931 794 991 dr
813 928 953 1006 Venetiit,
976 930 1062 1009 cujm
1081 950 1151 1012 pars
1165 944 1209 992 est
1223 954 1298 1013 ager

71 1014 204 1093 nalib.
221 1018 255 1077 5.
300 1012 389 1076 idem
410 1010 511 1075 Lucio
533 1012 673 1075 Perusiae
703 1012 900 1091 Mantuanus,
915 1034 985 1075 cum
1007 1012 1136 1097 imperio
1156 1017 1297 1090 versanti,

73 1098 673 1183 obsessosuppetiasserrelrustrbcoaa-
705 1100 769 1161 sive
791 1120 845 1181 per
858 1096 987 1175 Varum,
1011 1118 1142 1180 quocum
1166 1097 1299 1181 pbiloso-

73 1200 124 1263 ω,
135 1186 195 1247 sub
211 1184 290 1245 anai
312 1184 465 1266 sequentis
487 1182 606 1245 initium
621 1181 674 1241 de·
704 1183 788 1267 phire
803 1182 967 1258 studuerat,
980 1184 1043 1244 sive
1055 1203 1110 1265 per
1122 1179 1299 1243 Cornelium

76 1268 132 1333 bu
144 1266 293 1344 Perusii,
316 1288 387 1330 cunr
408 1282 522 1353 septem
544 1264 675 1347 legioni-
708 1267 843 1344 Gallum,
858 1266 921 1328 sive
937 1288 991 1349 per
1006 1268 1136 1351 scipsum
1153 1266 1301 1328 innotuis-

76 1352 313 1429 burVenetiam,
327 1352 360 1415 iu
373 1352 436 1435 quis
447 1352 572 1435 regione
584 1349 676 1412 Man·
707 1374 753 1415 se:
808 1371 841 1413 er
862 1351 1035 1414 Pollionem
1058 1350 1301 1413 commendatum

80 1450 125 1501 tus
136 1454 191 1517 est,
207 1438 242 1501 in
256 1450 409 1521 potestate
420 1437 548 1499 Antonii
560 1435 613 1497 diu
629 1456 676 1497 re·
707 1458 772 1499 esse
785 1374 965 1499 llaeceuatir
988 1438 1137 1519 perhanc
1152 1436 1192 1498 ad
1207 1434 1303 1498 Octa-

81 1522 155 1601 ὑπή,
168 1537 205 1586 ut
219 1536 352 1585 testatur
363 1520 509 1583 Velleius.
706 1522 790 1583 viani
816 1521 947 1601 gratiam
976 1522 1139 1604 irrepsisse.
1196 1518 1303 1601 Quan-

116 1608 299 1691 Atqueltaec
312 1606 367 1669 illa
378 1620 423 1668 est
431 1606 567 1689 Agraria
581 1604 676 1685 largi·
707 1628 799 1689 quam
819 1605 900 1667 euim
922 1621 993 1669 tunc
1017 1606 1203 1666 diversamur
1218 1620 1306 1668 eruut

85 1692 129 1769 tio,
142 1694 206 1776 quit
219 1691 376 1773 Virgilius
389 1692 515 1754 Audino
530 1690 677 1773 patrimo-
730 1692 840 1752 artium
853 1688 1010 1753 lllteceuas
1032 1692 1061 1751 lb
1081 1689 1199 1751 Pollio:
1222 1690 1305 1752 simi·

51 1836 54 1843 .
86 1778 198 1841 niosuo
213 1778 380 1839 mulctatus
394 1790 449 1838 est.
472 1776 583 1857 Neque
597 1774 678 1835 enim
708 1714 806 1838 litttdo
832 1788 934 1837 tamen
959 1774 1127 1836 studiorum
1154 1776 1184 1835 br
1215 1794 1304 1856 acqua

86 1878 132 1937 est,
140 1884 196 1925 cur
206 1860 369 1925 corradus
378 1861 580 1922 calamitatem
594 1858 678 1919 illam
710 1860 870 1943 probitatis
882 1858 964 1920 fama
978 1860 1020 1919 sic
1034 1873 1193 1941 utrumque
1207 1860 1306 1921 sacia-

88 1948 225 2009 accitlisse
250 1948 357 2029 poe'tae
371 1946 539 2028 suspicetur
560 1944 679 2005 decem·
711 1948 773 2019 bat,
789 1958 823 2004 ut
838 1965 918 2004 antro
933 1944 1070 2025 pruritui
1087 1958 1228 2025 sequente
1252 1945 1306 2005 ad·

88 2030 168 2093 ticeli
180 2030 234 2093 illi
246 2030 408 2109 divisione,
424 2051 495 2111 quse
506 2028 680 2091 Mutinense
711 2027 839 2090 ministri
854 2027 1061 2090 Brundusium
1077 2030 1161 2109 pacis
1178 2027 1237 2089 uni
1253 2029 1306 2089 ad-

90 2114 192 2177 bellum
215 2130 323 2177 secuta
345 2128 400 2191 est,
416 2116 445 2176 bs
465 2114 515 2175 cui
537 2114 680 2174 intererat
711 2112 798 2175 bibiti
812 2112 882 2175 sint.
926 2109 1020 2174 Certe
1031 2111 1181 2174 Pollionis
1194 2113 1224 2173 in
1236 2110 1306 2191 Vir-

92 2196 211 2263 Cicero:
225 2214 292 2261 tum
303 2201 385 2261 enirn
399 2199 475 2260 letis
489 2211 554 2260 erat
566 2218 601 2258 ac
616 2196 680 2257 serb
712 2198 820 2280 gilium
838 2198 943 2280 priora
956 2197 1047 2259 fuisse
1060 2198 1177 2273 merita,
1192 2196 1308 2259 bitem·-

93 2282 167 2345 nulla
183 2284 298 2347 Βοωω
316 2283 483 2347 Octaviani
505 2282 680 2357 atteteritur,
712 2284 791 2345 natis
819 2284 949 2366 potiora,
976 2281 1025 2343 vel
1053 2302 1090 2342 ea
1115 2304 1162 2343 res
1189 2284 1307 2365 probat,

95 2382 124 2429 nt
139 2370 299 2453 optimates
313 2370 343 2431 br
363 2369 429 2452 ipse
451 2366 563 2429 Cicero
585 2367 682 2427 deco
713 2366 795 2451 qubd
808 2367 893 2451 prior
907 2367 927 2427 it
940 2366 1075 2447 Virgilio
1088 2366 1189 2448 gratia
1210 2366 1309 2428 Polli·

97 2453 253 2516 occidendo
265 2452 448 2535 cogitarent.
492 2450 598 2533 Quare
610 2448 683 2510 Vir-
714 2454 776 2529 ani,
806 2454 904 2533 major
925 2448 1091 2514 bleccenati
1124 2450 1222 2513 relata
1257 2452 1309 2512 sit:

98 2536 176 2617 gilius
189 2538 293 2601 dicere
304 2552 368 2599 tum
383 2538 420 2599 de
438 2535 493 2597 illo
507 2556 569 2597 aon
584 2534 685 2619 potuit
714 2535 837 2617 Eclogii
846 2536 937 2597 traici
947 2556 1016 2596 mox
1029 2535 1060 2594 in
1071 2533 1151 2595 illius
1164 2535 1309 2597 bonorem

98 2620 197 2685 itEel.
216 2630 244 2685 l.
287 2620 375 2684 Deus
390 2620 474 2685 aedit
488 2620 550 2683 boe
564 2616 684 2703 otiose
715 2620 811 2699 editi3
836 2619 998 2701 Georgicis
1013 2618 1121 2680 deinde
1136 2617 1221 2679 libris
1237 2640 1311 2701 quta·

100 2703 148 2781 τῖες
172 2728 271 2789 neque
296 2706 394 2770 istud:
428 2704 491 2768 Hic
512 2703 597 2767 illum
621 2702 685 2765 eidi
716 2724 785 2769 tutu
800 2706 889 2787 bajus
905 2703 1021 2766 nomini
1036 2705 1228 2785 nuncupatis.

95 2788 226 2869 jacerem,
255 2788 407 2868 Molliter,
436 2788 596 2875 metuaris
624 2786 684 2850 Bis
756 2789 915 2853 Fretusei
929 2787 1191 2850 commendatione
1206 2785 1312 2867 Virgi-

102 2876 341 2939 taroreaiaostra
354 2872 685 2957 diesaltariasumuatJ
716 2876 784 2952 lius,
811 2894 903 2955 agros
924 2888 959 2935 ut
980 2873 1127 2955 reciperet
1150 2893 1230 2949 suos,
1246 2870 1313 2933 Ro·

104 2961 187 3039 potuit
211 2962 286 3021 verb
310 2960 368 3022 hic
390 2958 583 3043 Philippensi
607 2957 686 3019 divi·
717 2982 797 3024 marn
813 2961 868 3021 sub
883 2959 955 3020 anui
970 2958 1060 3038 hujus
1081 2957 1167 3018 initia
1184 2957 1313 3039 primiani

107 3042 190 3123 sione3
210 3045 282 3107 clun
297 3046 404 3127 sejam
420 3044 609 3107 Octavianus
623 3040 686 3103 Di·
716 3045 808 3106 scuit.
852 3040 969 3124 Quidni
984 3043 1063 3104 euim
1079 3040 1215 3123 Virgilio
1230 3042 1267 3102 de
1283 3062 1314 3105 se

108 3126 207 3191 ridelii
215 3130 313 3192 filiurn
323 3129 501 3229 appellaret,
509 3126 686 3210 summique
717 3131 792 3191 fides
814 3126 980 3190 habeatur?
1023 3127 1066 3187 At
1079 3124 1202 3207 lle-lagi.
1217 3126 1317 3209 primi

142 3210 218 3275 lleret
251 3214 458 3277 triumviratus
494 3212 685 3275 artctoritate.
718 3215 773 3276 sub
786 3211 889 3295 Tityri
901 3210 1248 3295 persouitestatur,sibi
1262 3232 1315 3271 an·

115 3291 193 3358 ¹lultb
225 3300 325 3361 mimis
360 3298 474 3360 serendi
508 3297 630 3361 Probus
658 3296 688 3357 ds
718 3314 747 3361 te
769 3298 894 3360 amissos
910 3317 1003 3377 agros
1017 3294 1151 3357 Romam
1176 3296 1314 3373 ignotam

113 3371 279 3463 Pomponius
286 3382 431 3461 Sabinos,
442 3384 494 3465 qui
507 3383 538 3444 id
549 3382 588 3443 ad
600 3380 687 3443 Acti·
718 3384 823 3445 luisse:
848 3380 958 3445 Urbem
972 3402 1061 3465 qaam
1073 3379 1175 3442 dicuat
1186 3378 1314 3443 Roriam

117 3466 687 3550 esmervisionemrejiciuntuannum
717 3464 868 3544 Melidoec,
886 3466 997 3550 petraei
1022 3464 1139 3529 statas
1166 3488 1221 3547 ego
1248 3465 1316 3527 daie

117 3537 150 3603 V·
162 3544 194 3611 C.
205 3556 274 3615 723.
317 3550 400 3615 Cium
412 3553 492 3613 enim
504 3553 522 3614 b
535 3550 687 3635 plerisque
716 3562 826 3615 aortrae
840 3550 974 3627 similem,
988 3552 1041 3630 dfe.
1055 3572 1086 3612 se
1102 3550 1249 3611 libertatis
1262 3553 1317 3611 ab·

121 3630 428 3720 emdbasvirgiliana
442 3638 515 3699 vitre
530 3634 686 3718 scriptori-
719 3636 850 3699 tinentia*
877 3636 979 3715 gratii
1000 3635 1038 3696 ei)
1059 3635 1241 3718 profectum:
1271 3632 1315 3695 Et

120 3707 165 3771 VB
183 3734 287 3783 cenum
308 3722 358 3799 sit,
382 3718 534 3783 Bucolica
556 3718 687 3783 triennio
718 3718 1092 3867 qaaetaataluitRomrrai
1104 3718 1159 3780 tibi
1171 3740 1259 3780 caasa
1275 3718 1316 3779 ci·

123 3804 316 3885 “emnem
338 3806 599 3882 corrueremus
617 3822 689 3865 mox
719 3804 833 3869 desidi?
908 3803 1028 3881 ibertus,
1045 3805 1098 3882 de.

124 3872 355 3968 demonstrabitur,
379 3888 533 3970 Eclogam
548 3903 689 3971 quartam
760 3888 841 3951 Eam
857 3889 898 3950 ob
919 3910 983 3951 rem
1003 3890 1082 3951 inter
1103 3888 1220 3950 fabulas
1242 3899 1317 3969 puto

126 3966 232 4035 ²⁰³⁰U.
245 3974 284 4037 C.
306 3980 380 4039 714.
402 3972 546 4037 Pollione
567 3972 689 4036 consu·
720 3974 866 4057 quicquid
881 3974 974 4035 babet
983 3976 1055 4037 vitre
1066 3974 1196 4055 scriptor
1207 3974 1245 4034 de
1254 3973 1318 4053 ejus

126 4033 158 4111 ,θ’
174 4064 224 4118 etse
240 4060 368 4138 editam3
390 4072 506 4121 certum
520 4058 553 4119 id
567 4077 689 4140 quoque
720 4060 760 4121 ad
775 4058 940 4121 Octaviani
959 4059 1091 4139 gratiam
1114 4058 1212 4118 aditu:
1236 4055 1319 4137 qubd

127 4116 263 4226 hibendum
278 4159 333 4223 est,
348 4144 481 4227 spatium
505 4142 579 4205 illud
595 4142 689 4204 trien·
720 4144 867 4225 magistro
877 4143 988 4206 stabuli
1003 4144 1114 4203 charus
1129 4140 1260 4223 primum
1272 4140 1319 4202 sn·

124 4216 234 4295 'Vilice
242 4228 446 4293 Consulatum
458 4226 610 4289 Pollionis
625 4247 691 4288 om·
721 4230 792 4290 eritr
807 4228 889 4309 quaid
901 4248 997 4312 panes
1009 4227 1106 4288 eidem
1118 4240 1152 4285 ut
1163 4224 1214 4286 uni
1228 4225 1245 4286 ὲ
1258 4239 1320 4288 sta-

120 4298 241 4373 ,⁰¹⁰0este
251 4313 483 4377 numerandum.
505 4312 596 4374 Adde
608 4311 692 4394 quiid
721 4314 850 4375 bulariis
864 4314 896 4375 in
912 4312 1049 4393 singulos
1064 4309 1128 4371 dies
1143 4310 1221 4372 dati:
1236 4310 1320 4393 qubd

117 4363 183 4441 'dm'
194 4390 251 4477 ipse
260 4397 453 4481 Pomponius
465 4394 632 4479 Virgilium
644 4394 691 4457 di·
722 4396 922 4473 Octavianus,
937 4398 976 4458 de
989 4415 1100 4475 genere
1115 4416 1151 4455 ac
1166 4409 1252 4477 patre
1264 4416 1320 4455 suo

110 4460 152 4589 ἐξ
171 4476 293 4545 eddim
314 4479 467 4543 Bucolica
487 4502 569 4543 anno
592 4478 692 4542 seratis
723 4481 888 4564 aliquando
910 4480 1056 4556 solicitus,
1078 4480 1264 4541 consuluerit
1284 4478 1323 4538 et

142 4574 150 4593 ·
173 4576 223 4629 unt
242 4570 297 4630 Μ.
319 4564 443 4637 Probus
465 4565 493 4629 lt
512 4564 689 4643 Pedianus,
722 4566 761 4631 de
772 4585 807 4631 re
827 4564 1031 4633 stabulariam
1042 4562 1231 4652 Marenem,
1250 4566 1333 4653 ἐμὲ·
