<?xml version="1.0" encoding="UTF-8"?>
<!DOCTYPE html PUBLIC "-//W3C//DTD XHTML 1.0 Transitional//EN"
    "http://www.w3.org/TR/xhtml1/DTD/xhtml1-transitional.dtd">
<html xmlns="http://www.w3.org/1999/xhtml" xml:lang="en" lang="en">
 <head>
  <title>
</title>
<meta http-equiv="Content-Type" content="text/html;charset=utf-8" />
  <meta name='ocr-system' content='tesseract 3.04.00' />
  <meta name='ocr-capabilities' content='ocr_page ocr_carea ocr_par ocr_line ocrx_word'/>
</head>
<body>
  <div class='ocr_page' id='page_1' title='image "./pvirgiliimaroni08virggoog/pvirgiliimaroni08virggoog_0013.png"; bbox 0 0 2724 5122; ppageno 0'>
   <div class='ocr_carea' id='block_1_1' title="bbox 590 601 814 690">
    <p class='ocr_par' dir='ltr' id='par_1_1' title="bbox 590 601 814 690">
     <span class='ocr_line' id='line_1_1' title="bbox 590 601 814 690; baseline 0.013 -3"><span class='ocrx_word' id='word_1_1' title='bbox 590 601 814 690; x_wconf 83' lang='lat' dir='ltr'><strong>VITA</strong></span> 
     </span>
    </p>
   </div>
   <div class='ocr_carea' id='block_1_2' title="bbox 472 863 928 934">
    <p class='ocr_par' dir='ltr' id='par_1_2' title="bbox 472 863 928 934">
     <span class='ocr_line' id='line_1_2' title="bbox 472 863 928 934; baseline 0.013 -6"><span class='ocrx_word' id='word_1_2' title='bbox 472 863 680 933; x_wconf 80' lang='lat' dir='ltr'><strong>INCER&#39;I&#39;O</strong></span> <span class='ocrx_word' id='word_1_3' title='bbox 707 867 928 934; x_wconf 80' lang='lat' dir='ltr'>AUCTORE</span> 
     </span>
    </p>
   </div>
   <div class='ocr_carea' id='block_1_3' title="bbox 200 1079 1170 1205">
    <p class='ocr_par' dir='ltr' id='par_1_3' title="bbox 200 1079 1170 1205">
     <span class='ocr_line' id='line_1_3' title="bbox 200 1079 1170 1205; baseline 0.011 -24"><span class='ocrx_word' id='word_1_4' title='bbox 200 1108 356 1201; x_wconf 70' lang='lat' dir='ltr'><strong>eoumt</strong></span> <span class='ocrx_word' id='word_1_5' title='bbox 376 1117 536 1205; x_wconf 74' lang='lat' dir='ltr'><strong>aarum</strong></span> <span class='ocrx_word' id='word_1_6' title='bbox 557 1094 793 1188; x_wconf 77' lang='lat' dir='ltr'><strong>noussen</strong></span> <span class='ocrx_word' id='word_1_7' title='bbox 806 1079 951 1188; x_wconf 69' lang='lat' dir='ltr'><strong>rusb</strong></span> <span class='ocrx_word' id='word_1_8' title='bbox 972 1121 1170 1192; x_wconf 77' lang='lat' dir='ltr'><strong>suumn</strong></span> 
     </span>
    </p>
   </div>
   <div class='ocr_carea' id='block_1_4' title="bbox 74 1370 1354 4646">
    <p class='ocr_par' dir='ltr' id='par_1_4' title="bbox 74 1370 1354 4646">
     <span class='ocr_line' id='line_1_4' title="bbox 78 1370 1311 1520; baseline 0.011 -85"><span class='ocrx_word' id='word_1_9' title='bbox 78 1370 332 1520; x_wconf 86' lang='lat' dir='ltr'>PUBLIUS</span> <span class='ocrx_word' id='word_1_10' title='bbox 342 1373 495 1458; x_wconf 77' lang='lat' dir='ltr'><strong>Virgilius</strong></span> <span class='ocrx_word' id='word_1_11' title='bbox 505 1377 599 1442; x_wconf 82' lang='lat' dir='ltr'><strong>Maro</strong></span> <span class='ocrx_word' id='word_1_12' title='bbox 608 1380 784 1462; x_wconf 87' lang='lat' dir='ltr'><strong>parentibus</strong></span> <span class='ocrx_word' id='word_1_13' title='bbox 797 1378 924 1444; x_wconf 90' lang='lat' dir='ltr'><strong>modicis</strong></span> <span class='ocrx_word' id='word_1_14' title='bbox 934 1380 999 1457; x_wconf 84' lang='lat' dir='ltr'><strong>fuit,</strong></span> <span class='ocrx_word' id='word_1_15' title='bbox 1010 1394 1041 1443; x_wconf 90' lang='lat' dir='ltr'><strong>et</strong></span> <span class='ocrx_word' id='word_1_16' title='bbox 1054 1378 1211 1466; x_wconf 69' lang='lat' dir='ltr'><strong>praecipui</strong></span> <span class='ocrx_word' id='word_1_17' title='bbox 1223 1395 1311 1464; x_wconf 83' lang='lat' dir='ltr'><strong>patre</strong></span> 
     </span>
     <span class='ocr_line' id='line_1_5' title="bbox 186 1457 1310 1550; baseline 0.009 -29"><span class='ocrx_word' id='word_1_18' title='bbox 186 1457 338 1522; x_wconf 79' lang='lat' dir='ltr'>Marone:</span> <span class='ocrx_word' id='word_1_19' title='bbox 361 1482 451 1543; x_wconf 89' lang='lat' dir='ltr'><strong>quern</strong></span> <span class='ocrx_word' id='word_1_20' title='bbox 464 1464 587 1545; x_wconf 87' lang='lat' dir='ltr'><strong>quidam</strong></span> <span class='ocrx_word' id='word_1_21' title='bbox 598 1463 740 1547; x_wconf 82' lang='lat' dir='ltr'><strong>opificem</strong></span> <span class='ocrx_word' id='word_1_22' title='bbox 754 1464 900 1545; x_wconf 81' lang='lat' dir='ltr'><strong>ligulam3</strong></span> <span class='ocrx_word' id='word_1_23' title='bbox 923 1465 1034 1548; x_wconf 87' lang='lat' dir='ltr'><strong>plures,</strong></span> <span class='ocrx_word' id='word_1_24' title='bbox 1047 1463 1139 1548; x_wconf 86' lang='lat' dir='ltr'><strong>Magi</strong></span> <span class='ocrx_word' id='word_1_25' title='bbox 1151 1469 1310 1550; x_wconf 88' lang='lat' dir='ltr'><strong>cujusdam</strong></span> 
     </span>
     <span class='ocr_line' id='line_1_6' title="bbox 78 1542 1310 1633; baseline 0.013 -33"><span class='ocrx_word' id='word_1_26' title='bbox 78 1542 211 1607; x_wconf 75' lang='lat' dir='ltr'><strong>viatoris</strong></span> <span class='ocrx_word' id='word_1_27' title='bbox 225 1544 317 1609; x_wconf 92' lang='lat' dir='ltr'><strong>initio</strong></span> <span class='ocrx_word' id='word_1_28' title='bbox 331 1547 560 1625; x_wconf 81' lang='lat' dir='ltr'><strong>mercenarium,</strong></span> <span class='ocrx_word' id='word_1_29' title='bbox 576 1567 648 1610; x_wconf 81' lang='lat' dir='ltr'><strong>mor</strong></span> <span class='ocrx_word' id='word_1_30' title='bbox 670 1549 710 1611; x_wconf 95' lang='lat' dir='ltr'><strong>ob</strong></span> <span class='ocrx_word' id='word_1_31' title='bbox 731 1549 913 1611; x_wconf 88' lang='lat' dir='ltr'><strong>iudustriam</strong></span> <span class='ocrx_word' id='word_1_32' title='bbox 935 1571 1080 1628; x_wconf 84' lang='lat' dir='ltr'><strong>generum</strong></span> <span class='ocrx_word' id='word_1_33' title='bbox 1102 1551 1310 1633; x_wconf 78' lang='lat' dir='ltr'><strong>tradiderunt3</strong></span> 
     </span>
     <span class='ocr_line' id='line_1_7' title="bbox 79 1627 1309 1717; baseline 0.007 -28"><span class='ocrx_word' id='word_1_34' title='bbox 79 1648 172 1710; x_wconf 85' lang='lat' dir='ltr'><strong>quem</strong></span> <span class='ocrx_word' id='word_1_35' title='bbox 194 1627 266 1691; x_wconf 79' lang='lat' dir='ltr'><strong>cium</strong></span> <span class='ocrx_word' id='word_1_36' title='bbox 290 1629 506 1711; x_wconf 74' lang='lat' dir='ltr'><strong>agricolationi</strong></span> <span class='ocrx_word' id='word_1_37' title='bbox 529 1634 634 1715; x_wconf 90' lang='lat' dir='ltr'><strong>reique</strong></span> <span class='ocrx_word' id='word_1_38' title='bbox 649 1634 772 1696; x_wconf 74' lang='lat' dir='ltr'><strong>rusticae</strong></span> <span class='ocrx_word' id='word_1_39' title='bbox 793 1646 824 1695; x_wconf 90' lang='lat' dir='ltr'><strong>et</strong></span> <span class='ocrx_word' id='word_1_40' title='bbox 845 1634 992 1715; x_wconf 82' lang='lat' dir='ltr'><strong>gregibus</strong></span> <span class='ocrx_word' id='word_1_41' title='bbox 1014 1634 1198 1717; x_wconf 74' lang='lat' dir='ltr'><strong>praefecisset</strong></span> <span class='ocrx_word' id='word_1_42' title='bbox 1212 1657 1309 1714; x_wconf 88' lang='lat' dir='ltr'><strong>socer,</strong></span> 
     </span>
     <span class='ocr_line' id='line_1_8' title="bbox 79 1712 1310 1799; baseline 0.009 -27"><span class='ocrx_word' id='word_1_43' title='bbox 79 1712 178 1794; x_wconf 76' lang='lat' dir='ltr'><strong>sylsds</strong></span> <span class='ocrx_word' id='word_1_44' title='bbox 189 1714 371 1777; x_wconf 68' lang='lat' dir='ltr'><strong>coemendis</strong></span> <span class='ocrx_word' id='word_1_45' title='bbox 382 1728 413 1777; x_wconf 91' lang='lat' dir='ltr'><strong>et</strong></span> <span class='ocrx_word' id='word_1_46' title='bbox 423 1716 532 1799; x_wconf 84' lang='lat' dir='ltr'><strong>apibus</strong></span> <span class='ocrx_word' id='word_1_47' title='bbox 543 1718 686 1780; x_wconf 81' lang='lat' dir='ltr'><strong>curandis</strong></span> <span class='ocrx_word' id='word_1_48' title='bbox 697 1717 832 1782; x_wconf 88' lang='lat' dir='ltr'><strong>reculam</strong></span> <span class='ocrx_word' id='word_1_49' title='bbox 845 1719 938 1781; x_wconf 84' lang='lat' dir='ltr'><strong>auxit.</strong></span> <span class='ocrx_word' id='word_1_50' title='bbox 962 1717 994 1780; x_wconf 94' lang='lat' dir='ltr'>N</span> <span class='ocrx_word' id='word_1_51' title='bbox 996 1733 1130 1797; x_wconf 78' lang='lat' dir='ltr'><strong>atusest,</strong></span> <span class='ocrx_word' id='word_1_52' title='bbox 1143 1718 1204 1782; x_wconf 91' lang='lat' dir='ltr'><strong>Cn.</strong></span> <span class='ocrx_word' id='word_1_53' title='bbox 1214 1718 1310 1783; x_wconf 88' lang='lat' dir='ltr'><strong>Pom·</strong></span> 
     </span>
     <span class='ocr_line' id='line_1_9' title="bbox 77 1794 1307 1882; baseline 0.008 -25"><span class='ocrx_word' id='word_1_54' title='bbox 77 1798 153 1879; x_wconf 93' lang='lat' dir='ltr'><strong>peio</strong></span> <span class='ocrx_word' id='word_1_55' title='bbox 167 1794 300 1880; x_wconf 83' lang='lat' dir='ltr'><strong>Magno,</strong></span> <span class='ocrx_word' id='word_1_56' title='bbox 313 1814 344 1861; x_wconf 91' lang='lat' dir='ltr'><strong>et</strong></span> <span class='ocrx_word' id='word_1_57' title='bbox 351 1797 398 1861; x_wconf 86' lang='lat' dir='ltr'><strong>M.</strong></span> <span class='ocrx_word' id='word_1_58' title='bbox 414 1799 537 1865; x_wconf 87' lang='lat' dir='ltr'><strong>Licinio</strong></span> <span class='ocrx_word' id='word_1_59' title='bbox 548 1801 673 1878; x_wconf 86' lang='lat' dir='ltr'><strong>Crasso,</strong></span> <span class='ocrx_word' id='word_1_60' title='bbox 708 1803 818 1864; x_wconf 75' lang='lat' dir='ltr'><strong>riarium</strong></span> <span class='ocrx_word' id='word_1_61' title='bbox 832 1800 921 1864; x_wconf 90' lang='lat' dir='ltr'><strong>Coss.</strong></span> <span class='ocrx_word' id='word_1_62' title='bbox 936 1802 1047 1865; x_wconf 87' lang='lat' dir='ltr'><strong>Iduum</strong></span> <span class='ocrx_word' id='word_1_63' title='bbox 1057 1803 1239 1867; x_wconf 88' lang='lat' dir='ltr'><strong>Octobrium</strong></span> <span class='ocrx_word' id='word_1_64' title='bbox 1248 1806 1307 1882; x_wconf 90' lang='lat' dir='ltr'><strong>die,</strong></span> 
     </span>
     <span class='ocr_line' id='line_1_10' title="bbox 78 1825 1309 1970; baseline 0.007 -28"><span class='ocrx_word' id='word_1_65' title='bbox 78 1884 112 1944; x_wconf 90' lang='lat' dir='ltr'><strong>in</strong></span> <span class='ocrx_word' id='word_1_66' title='bbox 124 1902 212 1965; x_wconf 85' lang='lat' dir='ltr'><strong>pago</strong></span> <span class='ocrx_word' id='word_1_67' title='bbox 222 1883 274 1965; x_wconf 88' lang='lat' dir='ltr'><strong>qui</strong></span> <span class='ocrx_word' id='word_1_68' title='bbox 287 1883 392 1947; x_wconf 85' lang='lat' dir='ltr'><strong>Audes</strong></span> <span class='ocrx_word' id='word_1_69' title='bbox 404 1885 525 1963; x_wconf 87' lang='lat' dir='ltr'><strong>dicitur,</strong></span> <span class='ocrx_word' id='word_1_70' title='bbox 539 1888 590 1970; x_wconf 92' lang='lat' dir='ltr'><strong>qui</strong></span> <span class='ocrx_word' id='word_1_71' title='bbox 603 1902 648 1949; x_wconf 86' lang='lat' dir='ltr'><strong>cst</strong></span> <span class='ocrx_word' id='word_1_72' title='bbox 661 1825 819 1949; x_wconf 68' lang='lat' dir='ltr'><strong>allaatuti</strong></span> <span class='ocrx_word' id='word_1_73' title='bbox 828 1907 890 1948; x_wconf 92' lang='lat' dir='ltr'><strong>non</strong></span> <span class='ocrx_word' id='word_1_74' title='bbox 901 1888 1017 1970; x_wconf 89' lang='lat' dir='ltr'><strong>procul.</strong></span> <span class='ocrx_word' id='word_1_75' title='bbox 1030 1886 1203 1969; x_wconf 73' lang='lat' dir='ltr'><strong>Praegnans</strong></span> <span class='ocrx_word' id='word_1_76' title='bbox 1213 1903 1309 1951; x_wconf 89' lang='lat' dir='ltr'><strong>mater</strong></span> 
     </span>
     <span class='ocr_line' id='line_1_11' title="bbox 77 1965 1308 2055; baseline 0.007 -28"><span class='ocrx_word' id='word_1_77' title='bbox 77 1965 179 2045; x_wconf 69' lang='lat' dir='ltr'><strong>blais,</strong></span> <span class='ocrx_word' id='word_1_78' title='bbox 190 1966 262 2030; x_wconf 80' lang='lat' dir='ltr'><strong>cium</strong></span> <span class='ocrx_word' id='word_1_79' title='bbox 272 1968 450 2032; x_wconf 79' lang='lat' dir='ltr'><strong>somniisset</strong></span> <span class='ocrx_word' id='word_1_80' title='bbox 458 1971 579 2033; x_wconf 85' lang='lat' dir='ltr'><strong>enixam</strong></span> <span class='ocrx_word' id='word_1_81' title='bbox 589 1992 621 2033; x_wconf 88' lang='lat' dir='ltr'><strong>se</strong></span> <span class='ocrx_word' id='word_1_82' title='bbox 633 1971 770 2035; x_wconf 86' lang='lat' dir='ltr'><strong>laureum</strong></span> <span class='ocrx_word' id='word_1_83' title='bbox 783 1991 911 2048; x_wconf 87' lang='lat' dir='ltr'><strong>ramam,</strong></span> <span class='ocrx_word' id='word_1_84' title='bbox 920 1992 1008 2053; x_wconf 89' lang='lat' dir='ltr'><strong>quern</strong></span> <span class='ocrx_word' id='word_1_85' title='bbox 1020 1986 1211 2055; x_wconf 88' lang='lat' dir='ltr'><strong>compactum</strong></span> <span class='ocrx_word' id='word_1_86' title='bbox 1219 1986 1308 2036; x_wconf 80' lang='lat' dir='ltr'><strong>terrae</strong></span> 
     </span>
     <span class='ocr_line' id='line_1_12' title="bbox 77 2052 1309 2140; baseline 0.006 -29"><span class='ocrx_word' id='word_1_87' title='bbox 77 2052 244 2128; x_wconf 84' lang='lat' dir='ltr'><strong>coaluisse,</strong></span> <span class='ocrx_word' id='word_1_88' title='bbox 267 2065 299 2113; x_wconf 91' lang='lat' dir='ltr'><strong>et</strong></span> <span class='ocrx_word' id='word_1_89' title='bbox 319 2055 486 2117; x_wconf 86' lang='lat' dir='ltr'><strong>excrevisse</strong></span> <span class='ocrx_word' id='word_1_90' title='bbox 502 2055 586 2118; x_wconf 78' lang='lat' dir='ltr'><strong>illici)</strong></span> <span class='ocrx_word' id='word_1_91' title='bbox 602 2057 780 2140; x_wconf 86' lang='lat' dir='ltr'><strong>inspeciem</strong></span> <span class='ocrx_word' id='word_1_92' title='bbox 795 2070 924 2119; x_wconf 83' lang='lat' dir='ltr'><strong>mataroe</strong></span> <span class='ocrx_word' id='word_1_93' title='bbox 940 2056 1067 2133; x_wconf 89' lang='lat' dir='ltr'><strong>arboris,</strong></span> <span class='ocrx_word' id='word_1_94' title='bbox 1083 2056 1201 2119; x_wconf 80' lang='lat' dir='ltr'><strong>resertae</strong></span> <span class='ocrx_word' id='word_1_95' title='bbox 1215 2057 1309 2119; x_wconf 87' lang='lat' dir='ltr'><strong>variis</strong></span> 
     </span>
     <span class='ocr_line' id='line_1_13' title="bbox 76 2136 1309 2225; baseline 0.006 -29"><span class='ocrx_word' id='word_1_96' title='bbox 76 2137 180 2219; x_wconf 88' lang='lat' dir='ltr'><strong>pomis</strong></span> <span class='ocrx_word' id='word_1_97' title='bbox 197 2150 230 2197; x_wconf 84' lang='lat' dir='ltr'><strong>et</strong></span> <span class='ocrx_word' id='word_1_98' title='bbox 243 2136 376 2214; x_wconf 85' lang='lat' dir='ltr'><strong>floribus,</strong></span> <span class='ocrx_word' id='word_1_99' title='bbox 392 2154 544 2219; x_wconf 83' lang='lat' dir='ltr'><strong>cerneret3</strong></span> <span class='ocrx_word' id='word_1_100' title='bbox 567 2142 703 2223; x_wconf 76' lang='lat' dir='ltr'><strong>sequenti</strong></span> <span class='ocrx_word' id='word_1_101' title='bbox 718 2142 785 2203; x_wconf 93' lang='lat' dir='ltr'><strong>luce</strong></span> <span class='ocrx_word' id='word_1_102' title='bbox 807 2162 877 2203; x_wconf 89' lang='lat' dir='ltr'><strong>cum</strong></span> <span class='ocrx_word' id='word_1_103' title='bbox 899 2141 1009 2203; x_wconf 90' lang='lat' dir='ltr'><strong>marito</strong></span> <span class='ocrx_word' id='word_1_104' title='bbox 1032 2162 1083 2203; x_wconf 88' lang='lat' dir='ltr'><strong>rus</strong></span> <span class='ocrx_word' id='word_1_105' title='bbox 1103 2142 1309 2225; x_wconf 88' lang='lat' dir='ltr'><strong>propinquum</strong></span> 
     </span>
     <span class='ocr_line' id='line_1_14' title="bbox 77 2221 1312 2309; baseline 0.006 -29"><span class='ocrx_word' id='word_1_106' title='bbox 77 2234 198 2303; x_wconf 85' lang='lat' dir='ltr'><strong>petens,</strong></span> <span class='ocrx_word' id='word_1_107' title='bbox 209 2240 248 2281; x_wconf 86' lang='lat' dir='ltr'><strong>ex</strong></span> <span class='ocrx_word' id='word_1_108' title='bbox 256 2221 504 2300; x_wconf 86' lang='lat' dir='ltr'><strong>itineredivertit,</strong></span> <span class='ocrx_word' id='word_1_109' title='bbox 513 2238 603 2306; x_wconf 88' lang='lat' dir='ltr'><strong>atque</strong></span> <span class='ocrx_word' id='word_1_110' title='bbox 614 2225 644 2287; x_wconf 91' lang='lat' dir='ltr'><strong>in</strong></span> <span class='ocrx_word' id='word_1_111' title='bbox 653 2226 788 2307; x_wconf 77' lang='lat' dir='ltr'><strong>subjecti</strong></span> <span class='ocrx_word' id='word_1_112' title='bbox 796 2224 877 2287; x_wconf 73' lang='lat' dir='ltr'><strong>fossa</strong></span> <span class='ocrx_word' id='word_1_113' title='bbox 886 2238 975 2309; x_wconf 88' lang='lat' dir='ltr'><strong>partu</strong></span> <span class='ocrx_word' id='word_1_114' title='bbox 985 2224 1086 2287; x_wconf 82' lang='lat' dir='ltr'><strong>levata</strong></span> <span class='ocrx_word' id='word_1_115' title='bbox 1095 2238 1149 2287; x_wconf 88' lang='lat' dir='ltr'><strong>est.</strong></span> <span class='ocrx_word' id='word_1_116' title='bbox 1192 2224 1221 2288; x_wconf 86' lang='lat' dir='ltr'>F</span> <span class='ocrx_word' id='word_1_117' title='bbox 1222 2240 1312 2288; x_wconf 90' lang='lat' dir='ltr'><strong>eruat</strong></span> 
     </span>
     <span class='ocr_line' id='line_1_15' title="bbox 78 2304 1328 2391; baseline 0.005 -25"><span class='ocrx_word' id='word_1_118' title='bbox 78 2304 240 2382; x_wconf 80' lang='lat' dir='ltr'><strong>infantem,</strong></span> <span class='ocrx_word' id='word_1_119' title='bbox 254 2318 290 2367; x_wconf 91' lang='lat' dir='ltr'><strong>ut</strong></span> <span class='ocrx_word' id='word_1_120' title='bbox 302 2304 361 2369; x_wconf 84' lang='lat' dir='ltr'><strong>suit</strong></span> <span class='ocrx_word' id='word_1_121' title='bbox 374 2306 483 2385; x_wconf 87' lang='lat' dir='ltr'><strong>editus,</strong></span> <span class='ocrx_word' id='word_1_122' title='bbox 497 2329 553 2371; x_wconf 89' lang='lat' dir='ltr'><strong>aec</strong></span> <span class='ocrx_word' id='word_1_123' title='bbox 564 2310 695 2391; x_wconf 79' lang='lat' dir='ltr'><strong>vagisse,</strong></span> <span class='ocrx_word' id='word_1_124' title='bbox 720 2324 750 2372; x_wconf 88' lang='lat' dir='ltr'><strong>et</strong></span> <span class='ocrx_word' id='word_1_125' title='bbox 772 2309 849 2371; x_wconf 85' lang='lat' dir='ltr'><strong>adeb</strong></span> <span class='ocrx_word' id='word_1_126' title='bbox 864 2310 929 2372; x_wconf 89' lang='lat' dir='ltr'><strong>miti</strong></span> <span class='ocrx_word' id='word_1_127' title='bbox 944 2309 1031 2370; x_wconf 89' lang='lat' dir='ltr'><strong>vultu</strong></span> <span class='ocrx_word' id='word_1_128' title='bbox 1044 2309 1145 2384; x_wconf 85' lang='lat' dir='ltr'><strong>fuisse,</strong></span> <span class='ocrx_word' id='word_1_129' title='bbox 1169 2321 1203 2370; x_wconf 92' lang='lat' dir='ltr'><strong>ut</strong></span> <span class='ocrx_word' id='word_1_130' title='bbox 1225 2309 1307 2372; x_wconf 90' lang='lat' dir='ltr'><strong>baud</strong></span> <span class='ocrx_word' id='word_1_131' title='bbox 1324 2325 1328 2334; x_wconf 89' lang='lat'>&#39;</span> 
     </span>
     <span class='ocr_line' id='line_1_16' title="bbox 77 2390 1310 2475; baseline 0.006 -24"><span class='ocrx_word' id='word_1_132' title='bbox 77 2390 208 2452; x_wconf 87' lang='lat' dir='ltr'><strong>dubiam</strong></span> <span class='ocrx_word' id='word_1_133' title='bbox 219 2410 306 2473; x_wconf 87' lang='lat' dir='ltr'><strong>spem</strong></span> <span class='ocrx_word' id='word_1_134' title='bbox 314 2392 516 2475; x_wconf 87' lang='lat' dir='ltr'><strong>prosperioris</strong></span> <span class='ocrx_word' id='word_1_135' title='bbox 527 2393 678 2475; x_wconf 74' lang='lat' dir='ltr'><strong>genituris</strong></span> <span class='ocrx_word' id='word_1_136' title='bbox 684 2396 751 2475; x_wconf 80' lang='lat' dir='ltr'><strong>jain</strong></span> <span class='ocrx_word' id='word_1_137' title='bbox 764 2408 827 2455; x_wconf 84' lang='lat' dir='ltr'><strong>turn</strong></span> <span class='ocrx_word' id='word_1_138' title='bbox 839 2394 997 2455; x_wconf 87' lang='lat' dir='ltr'><strong>indicaret.</strong></span> <span class='ocrx_word' id='word_1_139' title='bbox 1033 2392 1077 2455; x_wconf 85' lang='lat' dir='ltr'><strong>Et</strong></span> <span class='ocrx_word' id='word_1_140' title='bbox 1087 2393 1213 2455; x_wconf 88' lang='lat' dir='ltr'><strong>accessit</strong></span> <span class='ocrx_word' id='word_1_141' title='bbox 1225 2392 1310 2458; x_wconf 87' lang='lat' dir='ltr'><strong>aliud</strong></span> 
     </span>
     <span class='ocr_line' id='line_1_17' title="bbox 77 2474 1309 2562; baseline 0.002 -26"><span class='ocrx_word' id='word_1_142' title='bbox 77 2474 280 2558; x_wconf 81' lang='lat' dir='ltr'><strong>praesagium.</strong></span> <span class='ocrx_word' id='word_1_143' title='bbox 303 2474 463 2559; x_wconf 87' lang='lat' dir='ltr'><strong>Siquidem</strong></span> <span class='ocrx_word' id='word_1_144' title='bbox 475 2477 565 2559; x_wconf 87' lang='lat' dir='ltr'><strong>virga</strong></span> <span class='ocrx_word' id='word_1_145' title='bbox 573 2480 716 2562; x_wconf 87' lang='lat' dir='ltr'><strong>populea,</strong></span> <span class='ocrx_word' id='word_1_146' title='bbox 730 2498 814 2540; x_wconf 86' lang='lat' dir='ltr'><strong>mure</strong></span> <span class='ocrx_word' id='word_1_147' title='bbox 829 2478 963 2556; x_wconf 76' lang='lat' dir='ltr'><strong>regionis</strong></span> <span class='ocrx_word' id='word_1_148' title='bbox 976 2478 1007 2538; x_wconf 90' lang='lat' dir='ltr'><strong>in</strong></span> <span class='ocrx_word' id='word_1_149' title='bbox 1020 2475 1186 2560; x_wconf 87' lang='lat' dir='ltr'><strong>puerperiis</strong></span> <span class='ocrx_word' id='word_1_150' title='bbox 1201 2477 1309 2539; x_wconf 89' lang='lat' dir='ltr'><strong>eodem</strong></span> 
     </span>
     <span class='ocr_line' id='line_1_18' title="bbox 77 2558 1308 2644; baseline 0.001 -23"><span class='ocrx_word' id='word_1_151' title='bbox 77 2560 183 2623; x_wconf 83' lang='lat' dir='ltr'><strong>statim</strong></span> <span class='ocrx_word' id='word_1_152' title='bbox 198 2558 271 2622; x_wconf 91' lang='lat' dir='ltr'><strong>loco</strong></span> <span class='ocrx_word' id='word_1_153' title='bbox 288 2560 429 2644; x_wconf 85' lang='lat' dir='ltr'><strong>depacta,</strong></span> <span class='ocrx_word' id='word_1_154' title='bbox 442 2562 487 2624; x_wconf 85' lang='lat' dir='ltr'><strong>ita</strong></span> <span class='ocrx_word' id='word_1_155' title='bbox 500 2561 586 2624; x_wconf 91' lang='lat' dir='ltr'><strong>brevi</strong></span> <span class='ocrx_word' id='word_1_156' title='bbox 598 2563 723 2638; x_wconf 85' lang='lat' dir='ltr'><strong>coaluit,</strong></span> <span class='ocrx_word' id='word_1_157' title='bbox 739 2575 773 2624; x_wconf 91' lang='lat' dir='ltr'><strong>ut</strong></span> <span class='ocrx_word' id='word_1_158' title='bbox 787 2561 882 2623; x_wconf 83' lang='lat' dir='ltr'><strong>multb</strong></span> <span class='ocrx_word' id='word_1_159' title='bbox 896 2561 968 2623; x_wconf 74' lang='lat' dir='ltr'><strong>ante</strong></span> <span class='ocrx_word' id='word_1_160' title='bbox 984 2574 1064 2621; x_wconf 89' lang='lat' dir='ltr'><strong>satas</strong></span> <span class='ocrx_word' id='word_1_161' title='bbox 1079 2560 1209 2641; x_wconf 87' lang='lat' dir='ltr'><strong>populos</strong></span> <span class='ocrx_word' id='word_1_162' title='bbox 1224 2561 1308 2622; x_wconf 85' lang='lat' dir='ltr'><strong>adae-</strong></span> 
     </span>
     <span class='ocr_line' id='line_1_19' title="bbox 78 2644 1310 2728; baseline 0.001 -22"><span class='ocrx_word' id='word_1_163' title='bbox 78 2644 199 2726; x_wconf 75' lang='lat' dir='ltr'><strong>qrrbrit3</strong></span> <span class='ocrx_word' id='word_1_164' title='bbox 222 2665 294 2727; x_wconf 81' lang='lat' dir='ltr'><strong>quoe</strong></span> <span class='ocrx_word' id='word_1_165' title='bbox 317 2646 410 2708; x_wconf 85' lang='lat' dir='ltr'><strong>arbor</strong></span> <span class='ocrx_word' id='word_1_166' title='bbox 431 2644 557 2728; x_wconf 79' lang='lat' dir='ltr'><strong>Virgilii</strong></span> <span class='ocrx_word' id='word_1_167' title='bbox 580 2666 617 2708; x_wconf 84' lang='lat' dir='ltr'><strong>ex</strong></span> <span class='ocrx_word' id='word_1_168' title='bbox 641 2669 679 2710; x_wconf 91' lang='lat' dir='ltr'><strong>eo</strong></span> <span class='ocrx_word' id='word_1_169' title='bbox 700 2648 793 2721; x_wconf 91' lang='lat' dir='ltr'><strong>dicta,</strong></span> <span class='ocrx_word' id='word_1_170' title='bbox 817 2659 908 2724; x_wconf 85' lang='lat' dir='ltr'><strong>atque</strong></span> <span class='ocrx_word' id='word_1_171' title='bbox 923 2656 1101 2704; x_wconf 88' lang='lat' dir='ltr'><strong>consecrato</strong></span> <span class='ocrx_word' id='word_1_172' title='bbox 1114 2657 1169 2719; x_wconf 87' lang='lat' dir='ltr'><strong>est,</strong></span> <span class='ocrx_word' id='word_1_173' title='bbox 1192 2644 1310 2707; x_wconf 76' lang='lat' dir='ltr'><strong>summi</strong></span> 
     </span>
     <span class='ocr_line' id='line_1_20' title="bbox 78 2727 1306 2811; baseline 0.002 -21"><span class='ocrx_word' id='word_1_174' title='bbox 78 2729 281 2810; x_wconf 82' lang='lat' dir='ltr'><strong>gravidarum</strong></span> <span class='ocrx_word' id='word_1_175' title='bbox 294 2743 325 2792; x_wconf 87' lang='lat' dir='ltr'><strong>et</strong></span> <span class='ocrx_word' id='word_1_176' title='bbox 338 2729 482 2793; x_wconf 83' lang='lat' dir='ltr'><strong>loetarum</strong></span> <span class='ocrx_word' id='word_1_177' title='bbox 504 2731 663 2811; x_wconf 85' lang='lat' dir='ltr'><strong>religione,</strong></span> <span class='ocrx_word' id='word_1_178' title='bbox 683 2728 911 2810; x_wconf 83' lang='lat' dir='ltr'><strong>suscipientium</strong></span> <span class='ocrx_word' id='word_1_179' title='bbox 926 2727 968 2788; x_wconf 91' lang='lat' dir='ltr'><strong>ibi</strong></span> <span class='ocrx_word' id='word_1_180' title='bbox 983 2740 1014 2788; x_wconf 89' lang='lat' dir='ltr'><strong>et</strong></span> <span class='ocrx_word' id='word_1_181' title='bbox 1027 2727 1208 2790; x_wconf 88' lang='lat' dir='ltr'><strong>solventium</strong></span> <span class='ocrx_word' id='word_1_182' title='bbox 1222 2743 1306 2792; x_wconf 88' lang='lat' dir='ltr'><strong>vota.</strong></span> 
     </span>
     <span class='ocr_line' id='line_1_21' title="bbox 117 2810 1306 2897; baseline 0.001 -22"><span class='ocrx_word' id='word_1_183' title='bbox 117 2813 217 2875; x_wconf 83' lang='lat' dir='ltr'><strong>Initia</strong></span> <span class='ocrx_word' id='word_1_184' title='bbox 227 2814 339 2892; x_wconf 81' lang='lat' dir='ltr'><strong>estatis,</strong></span> <span class='ocrx_word' id='word_1_185' title='bbox 350 2814 446 2892; x_wconf 90' lang='lat' dir='ltr'><strong>idest,</strong></span> <span class='ocrx_word' id='word_1_186' title='bbox 459 2836 555 2897; x_wconf 89' lang='lat' dir='ltr'><strong>usque</strong></span> <span class='ocrx_word' id='word_1_187' title='bbox 568 2815 607 2874; x_wconf 89' lang='lat' dir='ltr'><strong>ad</strong></span> <span class='ocrx_word' id='word_1_188' title='bbox 617 2814 777 2897; x_wconf 88' lang='lat' dir='ltr'><strong>septimum</strong></span> <span class='ocrx_word' id='word_1_189' title='bbox 788 2832 910 2889; x_wconf 89' lang='lat' dir='ltr'><strong>annum,</strong></span> <span class='ocrx_word' id='word_1_190' title='bbox 922 2810 1086 2873; x_wconf 71' lang='lat' dir='ltr'><strong>Cremonae</strong></span> <span class='ocrx_word' id='word_1_191' title='bbox 1096 2812 1176 2894; x_wconf 85' lang='lat' dir='ltr'><strong>egit:</strong></span> <span class='ocrx_word' id='word_1_192' title='bbox 1192 2827 1222 2874; x_wconf 88' lang='lat' dir='ltr'><strong>ct</strong></span> <span class='ocrx_word' id='word_1_193' title='bbox 1233 2814 1306 2876; x_wconf 81' lang='lat' dir='ltr'><strong>xvii.</strong></span> 
     </span>
     <span class='ocr_line' id='line_1_22' title="bbox 77 2895 1305 2981; baseline 0 -21"><span class='ocrx_word' id='word_1_194' title='bbox 77 2917 161 2960; x_wconf 88' lang='lat' dir='ltr'><strong>anno</strong></span> <span class='ocrx_word' id='word_1_195' title='bbox 184 2897 306 2960; x_wconf 81' lang='lat' dir='ltr'><strong>virilem</strong></span> <span class='ocrx_word' id='word_1_196' title='bbox 328 2913 434 2980; x_wconf 86' lang='lat' dir='ltr'><strong>togam</strong></span> <span class='ocrx_word' id='word_1_197' title='bbox 457 2900 547 2981; x_wconf 89' lang='lat' dir='ltr'><strong>cepit,</strong></span> <span class='ocrx_word' id='word_1_198' title='bbox 574 2897 633 2959; x_wconf 90' lang='lat' dir='ltr'><strong>illis</strong></span> <span class='ocrx_word' id='word_1_199' title='bbox 655 2896 832 2959; x_wconf 89' lang='lat' dir='ltr'><strong>consulibus</strong></span> <span class='ocrx_word' id='word_1_200' title='bbox 858 2896 965 2958; x_wconf 89' lang='lat' dir='ltr'><strong>iterum</strong></span> <span class='ocrx_word' id='word_1_201' title='bbox 988 2895 1098 2977; x_wconf 88' lang='lat' dir='ltr'><strong>quibus</strong></span> <span class='ocrx_word' id='word_1_202' title='bbox 1120 2910 1208 2958; x_wconf 90' lang='lat' dir='ltr'><strong>natus</strong></span> <span class='ocrx_word' id='word_1_203' title='bbox 1230 2912 1305 2960; x_wconf 84' lang='lat' dir='ltr'><strong>erat.</strong></span> 
     </span>
     <span class='ocr_line' id='line_1_23' title="bbox 76 2979 1306 3082; baseline -0.001 -37"><span class='ocrx_word' id='word_1_204' title='bbox 76 2982 192 3045; x_wconf 85' lang='lat' dir='ltr'><strong>Evenit</strong></span> <span class='ocrx_word' id='word_1_205' title='bbox 237 3003 255 3044; x_wconf 88' lang='lat' dir='ltr'><strong>e</strong></span> <span class='ocrx_word' id='word_1_206' title='bbox 267 2995 348 3044; x_wconf 89' lang='lat' dir='ltr'><strong>uteo</strong></span> <span class='ocrx_word' id='word_1_207' title='bbox 360 2983 428 3066; x_wconf 90' lang='lat' dir='ltr'><strong>ipso</strong></span> <span class='ocrx_word' id='word_1_208' title='bbox 439 2983 488 3044; x_wconf 89' lang='lat' dir='ltr'><strong>die</strong></span> <span class='ocrx_word' id='word_1_209' title='bbox 500 2982 673 3059; x_wconf 86' lang='lat' dir='ltr'><strong>Lucretius,</strong></span> <span class='ocrx_word' id='word_1_210' title='bbox 682 2985 779 3082; x_wconf 66' lang='lat' dir='ltr'><strong>poeta</strong></span> <span class='ocrx_word' id='word_1_211' title='bbox 788 2980 956 3042; x_wconf 84' lang='lat' dir='ltr'><strong>decederet.</strong></span> <span class='ocrx_word' id='word_1_212' title='bbox 992 2980 1054 3041; x_wconf 86' lang='lat' dir='ltr'><strong>Sed</strong></span> <span class='ocrx_word' id='word_1_213' title='bbox 1064 2979 1215 3061; x_wconf 83' lang='lat' dir='ltr'><strong>Virgilius</strong></span> <span class='ocrx_word' id='word_1_214' title='bbox 1228 2981 1306 3044; x_wconf 90' lang='lat' dir='ltr'><strong>Cre·</strong></span> 
     </span>
     <span class='ocr_line' id='line_1_24' title="bbox 77 3064 1305 3150; baseline 0 -23"><span class='ocrx_word' id='word_1_215' title='bbox 77 3069 171 3128; x_wconf 79' lang='lat' dir='ltr'><strong>moni</strong></span> <span class='ocrx_word' id='word_1_216' title='bbox 217 3067 405 3142; x_wconf 89' lang='lat' dir='ltr'><strong>ediolanum,</strong></span> <span class='ocrx_word' id='word_1_217' title='bbox 417 3080 448 3129; x_wconf 86' lang='lat' dir='ltr'><strong>et</strong></span> <span class='ocrx_word' id='word_1_218' title='bbox 462 3067 533 3129; x_wconf 86' lang='lat' dir='ltr'><strong>inde</strong></span> <span class='ocrx_word' id='word_1_219' title='bbox 547 3066 641 3149; x_wconf 81' lang='lat' dir='ltr'><strong>paulo</strong></span> <span class='ocrx_word' id='word_1_220' title='bbox 654 3083 725 3150; x_wconf 88' lang='lat' dir='ltr'><strong>post</strong></span> <span class='ocrx_word' id='word_1_221' title='bbox 738 3064 904 3148; x_wconf 84' lang='lat' dir='ltr'><strong>Neapolim</strong></span> <span class='ocrx_word' id='word_1_222' title='bbox 914 3065 1050 3142; x_wconf 88' lang='lat' dir='ltr'><strong>transiit;</strong></span> <span class='ocrx_word' id='word_1_223' title='bbox 1065 3066 1117 3130; x_wconf 84' lang='lat' dir='ltr'><strong>ubi</strong></span> <span class='ocrx_word' id='word_1_224' title='bbox 1130 3065 1198 3127; x_wconf 80' lang='lat' dir='ltr'><strong>cum</strong></span> <span class='ocrx_word' id='word_1_225' title='bbox 1211 3065 1305 3127; x_wconf 85' lang='lat' dir='ltr'><strong>literis</strong></span> 
     </span>
     <span class='ocr_line' id='line_1_25' title="bbox 76 3148 1306 3233; baseline 0.002 -21"><span class='ocrx_word' id='word_1_226' title='bbox 76 3166 107 3213; x_wconf 87' lang='lat' dir='ltr'><strong>et</strong></span> <span class='ocrx_word' id='word_1_227' title='bbox 131 3151 251 3215; x_wconf 70' lang='lat' dir='ltr'><strong>Graecis</strong></span> <span class='ocrx_word' id='word_1_228' title='bbox 272 3166 305 3214; x_wconf 92' lang='lat' dir='ltr'><strong>et</strong></span> <span class='ocrx_word' id='word_1_229' title='bbox 324 3150 446 3214; x_wconf 87' lang='lat' dir='ltr'><strong>Latinis</strong></span> <span class='ocrx_word' id='word_1_230' title='bbox 460 3151 754 3213; x_wconf 85' lang='lat' dir='ltr'><strong>vehementissimam</strong></span> <span class='ocrx_word' id='word_1_231' title='bbox 770 3171 894 3233; x_wconf 87' lang='lat' dir='ltr'><strong>operam</strong></span> <span class='ocrx_word' id='word_1_232' title='bbox 918 3148 1058 3227; x_wconf 87' lang='lat' dir='ltr'><strong>dedisset,</strong></span> <span class='ocrx_word' id='word_1_233' title='bbox 1081 3150 1202 3210; x_wconf 85' lang='lat' dir='ltr'><strong>tandem</strong></span> <span class='ocrx_word' id='word_1_234' title='bbox 1221 3151 1306 3215; x_wconf 88' lang='lat' dir='ltr'><strong>omni</strong></span> 
     </span>
     <span class='ocr_line' id='line_1_26' title="bbox 75 3232 1304 3318; baseline -0.002 -19"><span class='ocrx_word' id='word_1_235' title='bbox 75 3236 155 3299; x_wconf 78' lang='lat' dir='ltr'><strong>curii</strong></span> <span class='ocrx_word' id='word_1_236' title='bbox 167 3236 312 3318; x_wconf 89' lang='lat' dir='ltr'><strong>omnique</strong></span> <span class='ocrx_word' id='word_1_237' title='bbox 327 3236 428 3299; x_wconf 88' lang='lat' dir='ltr'><strong>studio</strong></span> <span class='ocrx_word' id='word_1_238' title='bbox 443 3235 569 3298; x_wconf 88' lang='lat' dir='ltr'><strong>indulsit</strong></span> <span class='ocrx_word' id='word_1_239' title='bbox 581 3235 742 3298; x_wconf 84' lang='lat' dir='ltr'><strong>medicinae</strong></span> <span class='ocrx_word' id='word_1_240' title='bbox 757 3250 787 3298; x_wconf 89' lang='lat' dir='ltr'><strong>et</strong></span> <span class='ocrx_word' id='word_1_241' title='bbox 802 3233 1031 3296; x_wconf 84' lang='lat' dir='ltr'><strong>mathematicis.</strong></span> <span class='ocrx_word' id='word_1_242' title='bbox 1076 3232 1196 3316; x_wconf 75' lang='lat' dir='ltr'><strong>Quibus</strong></span> <span class='ocrx_word' id='word_1_243' title='bbox 1215 3235 1304 3297; x_wconf 88' lang='lat' dir='ltr'><strong>rebus</strong></span> 
     </span>
     <span class='ocr_line' id='line_1_27' title="bbox 76 3318 1304 3404; baseline -0.001 -22"><span class='ocrx_word' id='word_1_244' title='bbox 76 3322 150 3382; x_wconf 77' lang='lat' dir='ltr'><strong>cium</strong></span> <span class='ocrx_word' id='word_1_245' title='bbox 160 3335 228 3383; x_wconf 88' lang='lat' dir='ltr'><strong>aute</strong></span> <span class='ocrx_word' id='word_1_246' title='bbox 237 3321 469 3383; x_wconf 85' lang='lat' dir='ltr'><strong>alioseruditior</strong></span> <span class='ocrx_word' id='word_1_247' title='bbox 480 3320 668 3404; x_wconf 88' lang='lat' dir='ltr'><strong>peritiorque</strong></span> <span class='ocrx_word' id='word_1_248' title='bbox 679 3333 766 3396; x_wconf 83' lang='lat' dir='ltr'><strong>esset,</strong></span> <span class='ocrx_word' id='word_1_249' title='bbox 779 3340 811 3380; x_wconf 88' lang='lat' dir='ltr'><strong>se</strong></span> <span class='ocrx_word' id='word_1_250' title='bbox 820 3319 851 3379; x_wconf 92' lang='lat' dir='ltr'><strong>in</strong></span> <span class='ocrx_word' id='word_1_251' title='bbox 864 3319 970 3380; x_wconf 90' lang='lat' dir='ltr'><strong>urbem</strong></span> <span class='ocrx_word' id='word_1_252' title='bbox 982 3318 1127 3380; x_wconf 88' lang='lat' dir='ltr'><strong>contulit:</strong></span> <span class='ocrx_word' id='word_1_253' title='bbox 1143 3319 1304 3401; x_wconf 86' lang='lat' dir='ltr'><strong>statimque</strong></span> 
     </span>
     <span class='ocr_line' id='line_1_28' title="bbox 75 3403 1304 3487; baseline 0 -21"><span class='ocrx_word' id='word_1_254' title='bbox 75 3405 217 3487; x_wconf 83' lang='lat' dir='ltr'><strong>magistri</strong></span> <span class='ocrx_word' id='word_1_255' title='bbox 239 3405 353 3469; x_wconf 88' lang='lat' dir='ltr'><strong>stabuli</strong></span> <span class='ocrx_word' id='word_1_256' title='bbox 375 3425 521 3487; x_wconf 82' lang='lat' dir='ltr'><strong>equorum</strong></span> <span class='ocrx_word' id='word_1_257' title='bbox 543 3405 677 3485; x_wconf 81' lang='lat' dir='ltr'><strong>Augusti</strong></span> <span class='ocrx_word' id='word_1_258' title='bbox 700 3405 865 3466; x_wconf 87' lang='lat' dir='ltr'><strong>amicitiam</strong></span> <span class='ocrx_word' id='word_1_259' title='bbox 879 3416 996 3479; x_wconf 89' lang='lat' dir='ltr'><strong>nactus,</strong></span> <span class='ocrx_word' id='word_1_260' title='bbox 1011 3403 1121 3463; x_wconf 88' lang='lat' dir='ltr'><strong>multos</strong></span> <span class='ocrx_word' id='word_1_261' title='bbox 1142 3405 1304 3486; x_wconf 86' lang='lat' dir='ltr'><strong>variosque</strong></span> 
     </span>
     <span class='ocr_line' id='line_1_29' title="bbox 76 3485 1303 3572; baseline -0.002 -21"><span class='ocrx_word' id='word_1_262' title='bbox 76 3492 201 3552; x_wconf 86' lang='lat' dir='ltr'><strong>morbos</strong></span> <span class='ocrx_word' id='word_1_263' title='bbox 216 3490 384 3552; x_wconf 81' lang='lat' dir='ltr'><strong>incidentes</strong></span> <span class='ocrx_word' id='word_1_264' title='bbox 406 3491 491 3572; x_wconf 89' lang='lat' dir='ltr'><strong>equis</strong></span> <span class='ocrx_word' id='word_1_265' title='bbox 513 3490 642 3552; x_wconf 73' lang='lat' dir='ltr'><strong>curavit</strong></span> <span class='ocrx_word' id='word_1_266' title='bbox 684 3489 727 3551; x_wconf 84' lang='lat' dir='ltr'><strong>At</strong></span> <span class='ocrx_word' id='word_1_267' title='bbox 748 3490 906 3568; x_wconf 81' lang='lat' dir='ltr'><strong>Augustus</strong></span> <span class='ocrx_word' id='word_1_268' title='bbox 929 3487 960 3548; x_wconf 89' lang='lat' dir='ltr'><strong>in</strong></span> <span class='ocrx_word' id='word_1_269' title='bbox 983 3488 1152 3549; x_wconf 80' lang='lat' dir='ltr'><strong>mercedem</strong></span> <span class='ocrx_word' id='word_1_270' title='bbox 1174 3487 1220 3549; x_wconf 90' lang='lat' dir='ltr'><strong>sin</strong></span> <span class='ocrx_word' id='word_1_271' title='bbox 1246 3485 1303 3561; x_wconf 85' lang='lat' dir='ltr'><strong>¹lis</strong></span> 
     </span>
     <span class='ocr_line' id='line_1_30' title="bbox 75 3570 1301 3658; baseline -0.004 -21"><span class='ocrx_word' id='word_1_272' title='bbox 75 3576 184 3637; x_wconf 85' lang='lat' dir='ltr'><strong>diebus</strong></span> <span class='ocrx_word' id='word_1_273' title='bbox 199 3595 295 3658; x_wconf 84' lang='lat' dir='ltr'><strong>panes</strong></span> <span class='ocrx_word' id='word_1_274' title='bbox 307 3573 453 3656; x_wconf 87' lang='lat' dir='ltr'><strong>Virgilio,</strong></span> <span class='ocrx_word' id='word_1_275' title='bbox 469 3587 502 3635; x_wconf 91' lang='lat' dir='ltr'><strong>ut</strong></span> <span class='ocrx_word' id='word_1_276' title='bbox 517 3574 569 3635; x_wconf 89' lang='lat' dir='ltr'><strong>uni</strong></span> <span class='ocrx_word' id='word_1_277' title='bbox 585 3594 621 3635; x_wconf 83' lang='lat' dir='ltr'><strong>ex</strong></span> <span class='ocrx_word' id='word_1_278' title='bbox 636 3573 819 3647; x_wconf 82' lang='lat' dir='ltr'><strong>stabulariis,</strong></span> <span class='ocrx_word' id='word_1_279' title='bbox 835 3571 1012 3652; x_wconf 89' lang='lat' dir='ltr'><strong>darijussit.</strong></span> <span class='ocrx_word' id='word_1_280' title='bbox 1055 3570 1175 3632; x_wconf 72' lang='lat' dir='ltr'><strong>interea</strong></span> <span class='ocrx_word' id='word_1_281' title='bbox 1191 3571 1209 3632; x_wconf 81' lang='lat' dir='ltr'><strong>ir</strong></span> <span class='ocrx_word' id='word_1_282' title='bbox 1251 3584 1301 3632; x_wconf 88' lang='lat' dir='ltr'><strong>ru·</strong></span> 
     </span>
     <span class='ocr_line' id='line_1_31' title="bbox 76 3654 1300 3742; baseline -0.007 -20"><span class='ocrx_word' id='word_1_283' title='bbox 76 3660 202 3727; x_wconf 73' lang='lat' dir='ltr'><strong>torsistis</strong></span> <span class='ocrx_word' id='word_1_284' title='bbox 223 3658 325 3742; x_wconf 88' lang='lat' dir='ltr'><strong>pullus</strong></span> <span class='ocrx_word' id='word_1_285' title='bbox 348 3661 418 3740; x_wconf 91' lang='lat' dir='ltr'><strong>equi</strong></span> <span class='ocrx_word' id='word_1_286' title='bbox 443 3658 529 3720; x_wconf 86' lang='lat' dir='ltr'><strong>mirae</strong></span> <span class='ocrx_word' id='word_1_287' title='bbox 551 3658 785 3741; x_wconf 85' lang='lat' dir='ltr'><strong>pulchritudinis</strong></span> <span class='ocrx_word' id='word_1_288' title='bbox 799 3655 917 3718; x_wconf 75' lang='lat' dir='ltr'><strong>Caesari</strong></span> <span class='ocrx_word' id='word_1_289' title='bbox 933 3657 1016 3717; x_wconf 90' lang='lat' dir='ltr'><strong>dono</strong></span> <span class='ocrx_word' id='word_1_290' title='bbox 1030 3654 1087 3716; x_wconf 84' lang='lat' dir='ltr'><strong>suit</strong></span> <span class='ocrx_word' id='word_1_291' title='bbox 1100 3656 1224 3717; x_wconf 85' lang='lat' dir='ltr'><strong>missus:</strong></span> <span class='ocrx_word' id='word_1_292' title='bbox 1248 3655 1300 3735; x_wconf 91' lang='lat' dir='ltr'><strong>qui</strong></span> 
     </span>
     <span class='ocr_line' id='line_1_32' title="bbox 75 3738 1301 3825; baseline -0.007 -19"><span class='ocrx_word' id='word_1_293' title='bbox 75 3743 365 3825; x_wconf 84' lang='lat' dir='ltr'><strong>ornniumjudicios</strong></span> <span class='ocrx_word' id='word_1_294' title='bbox 387 3765 435 3805; x_wconf 86' lang='lat' dir='ltr'><strong>em</strong></span> <span class='ocrx_word' id='word_1_295' title='bbox 448 3743 648 3825; x_wconf 83' lang='lat' dir='ltr'><strong>portendebat</strong></span> <span class='ocrx_word' id='word_1_296' title='bbox 659 3743 779 3804; x_wconf 88' lang='lat' dir='ltr'><strong>virtutis</strong></span> <span class='ocrx_word' id='word_1_297' title='bbox 791 3755 821 3802; x_wconf 87' lang='lat' dir='ltr'><strong>et</strong></span> <span class='ocrx_word' id='word_1_298' title='bbox 833 3739 994 3801; x_wconf 88' lang='lat' dir='ltr'><strong>celeritatis</strong></span> <span class='ocrx_word' id='word_1_299' title='bbox 1007 3740 1170 3801; x_wconf 71' lang='lat' dir='ltr'><strong>immensae.</strong></span> <span class='ocrx_word' id='word_1_300' title='bbox 1208 3738 1301 3801; x_wconf 91' lang='lat' dir='ltr'><strong>Hunc</strong></span> 
     </span>
     <span class='ocr_line' id='line_1_33' title="bbox 74 3822 1299 3912; baseline -0.007 -22"><span class='ocrx_word' id='word_1_301' title='bbox 74 3830 146 3890; x_wconf 77' lang='lat' dir='ltr'><strong>cium</strong></span> <span class='ocrx_word' id='word_1_302' title='bbox 154 3829 321 3912; x_wconf 83' lang='lat' dir='ltr'><strong>aspexisset</strong></span> <span class='ocrx_word' id='word_1_303' title='bbox 368 3850 434 3904; x_wconf 89' lang='lat' dir='ltr'><strong>aro,</strong></span> <span class='ocrx_word' id='word_1_304' title='bbox 442 3828 590 3908; x_wconf 80' lang='lat' dir='ltr'><strong>magistro</strong></span> <span class='ocrx_word' id='word_1_305' title='bbox 602 3827 712 3888; x_wconf 86' lang='lat' dir='ltr'><strong>stabuli</strong></span> <span class='ocrx_word' id='word_1_306' title='bbox 725 3827 810 3901; x_wconf 79' lang='lat' dir='ltr'><strong>dirit,</strong></span> <span class='ocrx_word' id='word_1_307' title='bbox 822 3840 925 3886; x_wconf 86' lang='lat' dir='ltr'><strong>natum</strong></span> <span class='ocrx_word' id='word_1_308' title='bbox 936 3845 999 3885; x_wconf 86' lang='lat' dir='ltr'><strong>esse</strong></span> <span class='ocrx_word' id='word_1_309' title='bbox 1009 3845 1045 3884; x_wconf 80' lang='lat' dir='ltr'><strong>ex</strong></span> <span class='ocrx_word' id='word_1_310' title='bbox 1058 3822 1199 3885; x_wconf 74' lang='lat' dir='ltr'><strong>morbosa</strong></span> <span class='ocrx_word' id='word_1_311' title='bbox 1211 3822 1299 3903; x_wconf 78' lang='lat' dir='ltr'><strong>equi,</strong></span> 
     </span>
     <span class='ocr_line' id='line_1_34' title="bbox 76 3907 1300 3990; baseline -0.008 -15"><span class='ocrx_word' id='word_1_312' title='bbox 76 3927 105 3975; x_wconf 88' lang='lat' dir='ltr'><strong>et</strong></span> <span class='ocrx_word' id='word_1_313' title='bbox 118 3935 175 3976; x_wconf 88' lang='lat' dir='ltr'><strong>nec</strong></span> <span class='ocrx_word' id='word_1_314' title='bbox 191 3913 310 3975; x_wconf 85' lang='lat' dir='ltr'><strong>viribus</strong></span> <span class='ocrx_word' id='word_1_315' title='bbox 323 3912 497 3988; x_wconf 84' lang='lat' dir='ltr'><strong>valiturum,</strong></span> <span class='ocrx_word' id='word_1_316' title='bbox 521 3932 576 3979; x_wconf 85' lang='lat' dir='ltr'><strong>nec</strong></span> <span class='ocrx_word' id='word_1_317' title='bbox 599 3910 768 3989; x_wconf 83' lang='lat' dir='ltr'><strong>celeritate3</strong></span> <span class='ocrx_word' id='word_1_318' title='bbox 790 3911 883 3990; x_wconf 90' lang='lat' dir='ltr'><strong>idque</strong></span> <span class='ocrx_word' id='word_1_319' title='bbox 904 3928 1009 3969; x_wconf 79' lang='lat' dir='ltr'><strong>verum</strong></span> <span class='ocrx_word' id='word_1_320' title='bbox 1032 3907 1123 3970; x_wconf 80' lang='lat' dir='ltr'><strong>fuisse</strong></span> <span class='ocrx_word' id='word_1_321' title='bbox 1145 3907 1300 3968; x_wconf 84' lang='lat' dir='ltr'><strong>inventurn</strong></span> 
     </span>
     <span class='ocr_line' id='line_1_35' title="bbox 75 3989 1300 4079; baseline -0.005 -21"><span class='ocrx_word' id='word_1_322' title='bbox 75 4012 130 4058; x_wconf 82' lang='lat' dir='ltr'><strong>est.</strong></span> <span class='ocrx_word' id='word_1_323' title='bbox 174 3997 271 4079; x_wconf 80' lang='lat' dir='ltr'><strong>Quod</strong></span> <span class='ocrx_word' id='word_1_324' title='bbox 285 3996 355 4058; x_wconf 76' lang='lat' dir='ltr'><strong>ciam</strong></span> <span class='ocrx_word' id='word_1_325' title='bbox 376 3997 523 4077; x_wconf 84' lang='lat' dir='ltr'><strong>magister</strong></span> <span class='ocrx_word' id='word_1_326' title='bbox 536 3994 648 4056; x_wconf 86' lang='lat' dir='ltr'><strong>stabuli</strong></span> <span class='ocrx_word' id='word_1_327' title='bbox 661 3994 805 4076; x_wconf 84' lang='lat' dir='ltr'><strong>Augusto</strong></span> <span class='ocrx_word' id='word_1_328' title='bbox 828 3991 990 4068; x_wconf 72' lang='lat' dir='ltr'><strong>recitasset,</strong></span> <span class='ocrx_word' id='word_1_329' title='bbox 1014 3992 1164 4075; x_wconf 84' lang='lat' dir='ltr'><strong>duplicari</strong></span> <span class='ocrx_word' id='word_1_330' title='bbox 1187 3989 1244 4071; x_wconf 85' lang='lat' dir='ltr'><strong>ipsi</strong></span> <span class='ocrx_word' id='word_1_331' title='bbox 1267 3990 1300 4052; x_wconf 89' lang='lat' dir='ltr'><strong>ia</strong></span> 
     </span>
     <span class='ocr_line' id='line_1_36' title="bbox 75 4075 1299 4165; baseline -0.004 -24"><span class='ocrx_word' id='word_1_332' title='bbox 75 4083 245 4144; x_wconf 88' lang='lat' dir='ltr'><strong>mercedem</strong></span> <span class='ocrx_word' id='word_1_333' title='bbox 267 4082 472 4165; x_wconf 86' lang='lat' dir='ltr'><strong>panesjussit.</strong></span> <span class='ocrx_word' id='word_1_334' title='bbox 517 4078 599 4141; x_wconf 76' lang='lat' dir='ltr'><strong>Cium</strong></span> <span class='ocrx_word' id='word_1_335' title='bbox 622 4079 694 4141; x_wconf 90' lang='lat' dir='ltr'><strong>item</strong></span> <span class='ocrx_word' id='word_1_336' title='bbox 716 4100 753 4141; x_wconf 83' lang='lat' dir='ltr'><strong>ex</strong></span> <span class='ocrx_word' id='word_1_337' title='bbox 774 4076 927 4160; x_wconf 72' lang='lat' dir='ltr'><strong>Hispania</strong></span> <span class='ocrx_word' id='word_1_338' title='bbox 946 4076 1089 4157; x_wconf 84' lang='lat' dir='ltr'><strong>Augusto</strong></span> <span class='ocrx_word' id='word_1_339' title='bbox 1112 4094 1201 4135; x_wconf 86' lang='lat' dir='ltr'><strong>canes</strong></span> <span class='ocrx_word' id='word_1_340' title='bbox 1217 4075 1299 4136; x_wconf 91' lang='lat' dir='ltr'><strong>dono</strong></span> 
     </span>
     <span class='ocr_line' id='line_1_37' title="bbox 74 4157 1299 4248; baseline -0.005 -22"><span class='ocrx_word' id='word_1_341' title='bbox 74 4166 275 4242; x_wconf 82' lang='lat' dir='ltr'><strong>mitterentur,</strong></span> <span class='ocrx_word' id='word_1_342' title='bbox 288 4179 319 4227; x_wconf 89' lang='lat' dir='ltr'><strong>et</strong></span> <span class='ocrx_word' id='word_1_343' title='bbox 329 4180 472 4248; x_wconf 86' lang='lat' dir='ltr'><strong>parentes</strong></span> <span class='ocrx_word' id='word_1_344' title='bbox 486 4184 591 4226; x_wconf 87' lang='lat' dir='ltr'><strong>eorum</strong></span> <span class='ocrx_word' id='word_1_345' title='bbox 605 4163 683 4225; x_wconf 78' lang='lat' dir='ltr'><strong>dixit</strong></span> <span class='ocrx_word' id='word_1_346' title='bbox 693 4161 854 4244; x_wconf 83' lang='lat' dir='ltr'><strong>Virgilius,</strong></span> <span class='ocrx_word' id='word_1_347' title='bbox 868 4176 897 4222; x_wconf 90' lang='lat' dir='ltr'><strong>et</strong></span> <span class='ocrx_word' id='word_1_348' title='bbox 910 4162 1043 4222; x_wconf 87' lang='lat' dir='ltr'><strong>animum</strong></span> <span class='ocrx_word' id='word_1_349' title='bbox 1056 4157 1299 4241; x_wconf 86' lang='lat' dir='ltr'><strong>celeritatemque</strong></span> 
     </span>
     <span class='ocr_line' id='line_1_38' title="bbox 74 4242 1222 4332; baseline -0.004 -22"><span class='ocrx_word' id='word_1_350' title='bbox 74 4249 221 4312; x_wconf 85' lang='lat' dir='ltr'><strong>suturam.</strong></span> <span class='ocrx_word' id='word_1_351' title='bbox 264 4248 339 4332; x_wconf 79' lang='lat' dir='ltr'><strong>Quo</strong></span> <span class='ocrx_word' id='word_1_352' title='bbox 353 4249 490 4331; x_wconf 87' lang='lat' dir='ltr'><strong>cognito,</strong></span> <span class='ocrx_word' id='word_1_353' title='bbox 503 4248 629 4313; x_wconf 87' lang='lat' dir='ltr'><strong>mandat</strong></span> <span class='ocrx_word' id='word_1_354' title='bbox 643 4249 751 4309; x_wconf 88' lang='lat' dir='ltr'><strong>iterum</strong></span> <span class='ocrx_word' id='word_1_355' title='bbox 767 4245 957 4327; x_wconf 85' lang='lat' dir='ltr'><strong>augmentari</strong></span> <span class='ocrx_word' id='word_1_356' title='bbox 972 4242 1107 4323; x_wconf 87' lang='lat' dir='ltr'><strong>Virgilio</strong></span> <span class='ocrx_word' id='word_1_357' title='bbox 1120 4263 1222 4324; x_wconf 87' lang='lat' dir='ltr'><strong>panes.</strong></span> 
     </span>
     <span class='ocr_line' id='line_1_39' title="bbox 114 4324 1354 4415; baseline -0.008 -20"><span class='ocrx_word' id='word_1_358' title='bbox 114 4332 281 4398; x_wconf 86' lang='lat' dir='ltr'><strong>Dubitavit</strong></span> <span class='ocrx_word' id='word_1_359' title='bbox 292 4334 450 4415; x_wconf 81' lang='lat' dir='ltr'><strong>Augustus</strong></span> <span class='ocrx_word' id='word_1_360' title='bbox 463 4331 626 4395; x_wconf 85' lang='lat' dir='ltr'><strong>Octaviine</strong></span> <span class='ocrx_word' id='word_1_361' title='bbox 637 4332 718 4394; x_wconf 79' lang='lat' dir='ltr'><strong>filius</strong></span> <span class='ocrx_word' id='word_1_362' title='bbox 731 4346 816 4404; x_wconf 87' lang='lat' dir='ltr'><strong>esset,</strong></span> <span class='ocrx_word' id='word_1_363' title='bbox 828 4351 868 4391; x_wconf 93' lang='lat' dir='ltr'><strong>an</strong></span> <span class='ocrx_word' id='word_1_364' title='bbox 881 4328 1019 4389; x_wconf 85' lang='lat' dir='ltr'><strong>alterius:</strong></span> <span class='ocrx_word' id='word_1_365' title='bbox 1035 4327 1126 4413; x_wconf 89' lang='lat' dir='ltr'><strong>idque</strong></span> <span class='ocrx_word' id='word_1_366' title='bbox 1138 4324 1299 4388; x_wconf 83' lang='lat' dir='ltr'><strong>Maronem</strong></span> <span class='ocrx_word' id='word_1_367' title='bbox 1339 4357 1354 4372; x_wconf 89' lang='lat'><strong>·-</strong></span> 
     </span>
     <span class='ocr_line' id='line_1_40' title="bbox 76 4413 1310 4504; baseline -0.003 -27"><span class='ocrx_word' id='word_1_368' title='bbox 76 4419 193 4499; x_wconf 83' lang='lat' dir='ltr'><strong>aperire</strong></span> <span class='ocrx_word' id='word_1_369' title='bbox 216 4438 308 4504; x_wconf 85' lang='lat' dir='ltr'><strong>posse</strong></span> <span class='ocrx_word' id='word_1_370' title='bbox 329 4416 491 4479; x_wconf 82' lang='lat' dir='ltr'><strong>arbitratus</strong></span> <span class='ocrx_word' id='word_1_371' title='bbox 512 4431 571 4493; x_wconf 80' lang='lat' dir='ltr'><strong>est,</strong></span> <span class='ocrx_word' id='word_1_372' title='bbox 590 4415 664 4498; x_wconf 88' lang='lat' dir='ltr'><strong>quia</strong></span> <span class='ocrx_word' id='word_1_373' title='bbox 677 4436 787 4477; x_wconf 89' lang='lat' dir='ltr'><strong>canum</strong></span> <span class='ocrx_word' id='word_1_374' title='bbox 811 4427 842 4475; x_wconf 87' lang='lat' dir='ltr'><strong>et</strong></span> <span class='ocrx_word' id='word_1_375' title='bbox 862 4413 930 4494; x_wconf 90' lang='lat' dir='ltr'><strong>equi</strong></span> <span class='ocrx_word' id='word_1_376' title='bbox 947 4423 1088 4477; x_wconf 83' lang='lat' dir='ltr'><strong>natttram</strong></span> <span class='ocrx_word' id='word_1_377' title='bbox 1102 4428 1310 4501; x_wconf 84' lang='lat' dir='ltr'><strong>parentesque</strong></span> 
     </span>
     <span class='ocr_line' id='line_1_41' title="bbox 76 4499 1326 4646; baseline 0.002 -86"><span class='ocrx_word' id='word_1_378' title='bbox 76 4502 238 4585; x_wconf 65' lang='lat' dir='ltr'><strong>cognatae</strong></span> <span class='ocrx_word' id='word_1_379' title='bbox 282 4500 404 4567; x_wconf 65' lang='lat' dir='ltr'><strong>motis</strong></span> <span class='ocrx_word' id='word_1_380' title='bbox 424 4500 814 4646; x_wconf 58' lang='lat' dir='ltr'><strong>igiuuomnibulsprbinis,</strong></span> <span class='ocrx_word' id='word_1_381' title='bbox 831 4499 921 4565; x_wconf 86' lang='lat' dir='ltr'><strong>illum</strong></span> <span class='ocrx_word' id='word_1_382' title='bbox 937 4500 969 4566; x_wconf 89' lang='lat' dir='ltr'><strong>iu</strong></span> <span class='ocrx_word' id='word_1_383' title='bbox 984 4501 1177 4590; x_wconf 86' lang='lat' dir='ltr'><strong>penitiorcm</strong></span> <span class='ocrx_word' id='word_1_384' title='bbox 1195 4514 1326 4592; x_wconf 80' lang='lat' dir='ltr'><strong>partem</strong></span> 
     </span>
    </p>
   </div>
   <div class='ocr_carea' id='block_1_5' title="bbox 0 0 1366 5122">
    <p class='ocr_par' dir='ltr' id='par_1_5' title="bbox 0 0 1366 5122">
     <span class='ocr_line' id='line_1_42' title="bbox 0 0 1366 5122; baseline 0 2"><span class='ocrx_word' id='word_1_385' title='bbox 0 0 1366 5122; x_wconf 95' lang='lat' dir='ltr'><strong> </strong></span> 
     </span>
    </p>
   </div>
  </div>
 </body>
</html>
