2724 5122
1273 124 1287 209 l

1278 220 1288 253 l

66 175 140 241 xviii
441 166 480 230 P.
504 162 696 229 vlnulnn
718 162 921 229 MARONIS

67 343 127 405 qne
138 315 233 405 operi
242 314 408 402 speraverit
418 325 536 398 patrem
547 332 580 375 se
593 332 664 395 pos-
695 311 788 374 variis
800 311 980 389 carminum,
993 332 1064 395 quae
1078 311 1289 377 meditabatur

68 428 100 469 se
114 425 202 467 snum
214 403 297 466 certd
313 400 492 480 intelligere,
505 399 578 480 quia
588 398 615 457 is
626 396 665 461 ‹le
695 396 874 478 fragmentis
895 396 1111 476 condnnisse3
1141 397 1227 479 quod
1252 397 1290 459 le

68 511 179 553 canum
198 506 408 571 ‚equorumque
428 502 539 566 genere
558 502 595 543 ac
609 501 665 564 pa·
696 480 781 563 genti
792 502 971 565 persuasum
982 478 1290 547 sooesacileebnfido

67 576 203 640 rentibus
230 572 305 635 scitis
327 568 477 633 interdum
499 565 664 649 responde·
746 606 960 656 mmmmm
990 607 1028 654 A„
1046 607 1100 654 ,Ἃ
1132 606 1244 670 mmm·

68 662 133 723 bat.
173 654 280 721 Fuerit
290 656 369 718 enim
380 651 453 715 verb
466 649 590 714 Maroni
602 654 664 711 sin·
832 667 1011 717 caueamus
1045 682 1157 717 invisus.

68 743 185 823 gulosis
196 742 260 819 illa,
275 760 366 824 quam
378 736 479 821 seipsi
492 736 584 798 suisse
593 734 664 797 libri
832 730 1079 779 ⁰·A³¹⁸¹v⁸1'⁰²²¹⁰·

70 828 216 910 Georgici
228 824 395 900 declarant,
413 822 458 884 rei
471 818 663 882 veterinariae
694 798 999 887 OcTAleNUs
1014 820 1147 883 Lucium
1161 819 1291 885 Antoni·

68 913 175 996 peritia
182 934 192 991 3
227 909 339 972 suerint
366 909 435 970 haee
463 906 568 967 omnia
593 924 664 986 quse
695 931 747 971 um
769 909 936 988 urbemque
958 905 1119 968 Perusiam
1139 906 1290 970 deditione

68 1010 230 1060 nanantur
239 1008 409 1077 temporum
420 989 532 1053 rationi
544 1008 665 1050 necom-
698 992 819 1075 accipit.
842 990 968 1053 illarcns
979 991 1011 1052 in
1024 988 1148 1053 ltaliam
1158 991 1289 1055 veniens

68 1082 168 1158 moda,
181 1094 216 1141 ut
227 1078 352 1141 minimis
368 1090 452 1138 sunt:
467 1075 535 1156 quis
547 1087 664 1143 tantum
696 1078 832 1139 maximo
842 1075 915 1139 belli
925 1089 1008 1138 metu
1019 1074 1111 1154 sacto,
1123 1072 1290 1139 Brundusi,

68 1164 232 1229 Octaviani
244 1163 335 1225 inisse
344 1174 498 1245 stuporem
507 1158 621 1236 credat,
632 1170 666 1218 ut
695 1183 803 1246 pacem
827 1182 897 1224 cum
919 1159 1095 1223 Octaviano
1119 1162 1282 1246 componit

67 1250 258 1314 sentinante
270 1246 510 1309 medicinaeearn
524 1263 589 1305 esse
603 1242 665 1303 vim
697 1247 892 1323 administris,
927 1267 966 1307 ex
997 1258 1085 1329 parte
1117 1244 1287 1310 Octaviani

67 1335 125 1397 sibi
149 1333 357 1418 persuaderet3
386 1342 439 1392 aut
460 1342 577 1391 tantam
598 1326 665 1389 Ro·
696 1332 883 1409 Maeeenate3
913 1351 952 1393 ex
972 1344 1060 1414 parte
1082 1328 1194 1407 Marci,
1219 1328 1291 1395 Pol·

68 1420 150 1481 inani
164 1417 258 1479 moris
274 1416 435 1491 inscitiam,
457 1427 492 1476 ut
513 1434 544 1475 se
565 1433 665 1510 regem
696 1417 788 1480 lione.
845 1415 978 1478 Octavia
1006 1436 1093 1477 soror
1118 1414 1287 1478 Octaviani

68 1500 291 1587 magnanimum
314 1498 500 1585 appellaret?
531 1510 584 1558 aut
607 1496 665 1580 rpsi
696 1516 818 1564 mortuo
835 1499 987 1562 Marcello
1001 1500 1193 1581 priore-viro,
1207 1499 1290 1563 Mar·

69 1583 204 1668 Virgilio
219 1600 334 1648 tantam
356 1584 528 1648 suturarum
541 1595 666 1643 eventu·
697 1608 735 1648 co
749 1586 887 1648 Antonio
901 1587 1014 1666 conjnx
1027 1585 1127 1647 datur.
1150 1583 1290 1649 Redeun

70 1693 120 1733 arn
142 1671 292 1748 notitiam,
316 1683 350 1732 ut
373 1668 578 1732 Octavianum
598 1665 667 1728 slu-
696 1670 832 1733 Romam
842 1668 1291 1733 TriumviritsedSextoPom·

65 1755 151 1841 gasti
160 1755 283 1816 nomine
295 1754 472 1839 appellaret,
485 1766 555 1813 ante
570 1770 666 1813 annos
697 1755 768 1840 peio
781 1753 893 1837 Magni
916 1753 982 1814 filio
996 1774 1080 1816 mare
1095 1752 1235 1817 Siculum
1250 1756 1290 1831 ip·

69 1839 476 1921 minimumquatuordecim,
490 1837 668 1919 qnimesset
698 1839 779 1902 sestis
805 1838 935 1901 navibus
958 1839 1122 1915 obtinente,
1147 1838 1290 1903 semesis

69 1925 241 1988 honorilice
265 1923 321 1985 illa
347 1922 513 2007 appellatio
541 1922 606 2003 ejus
634 1920 666 1981 iu
697 1926 773 1986 urbe
787 1924 915 1986 sseviens
931 1924 1036 1985 urbem
1055 1924 1086 1985 in
1101 1922 1290 1989 Triumviros

70 2011 201 2093 gratiam
216 2009 363 2071 instituta.
392 2006 497 2091 Quid?
513 2006 604 2086 jocus
619 2005 667 2087 ip-
698 2010 843 2071 eoncitat.
887 2006 1288 2071 Octaviannsdsdntonius

70 2117 101 2156 se
111 2095 202 2177 quim
212 2093 357 2155 insulsus:
373 2092 495 2177 pistoris
503 2090 599 2151 silium
609 2089 666 2150 sibi
698 2094 818 2177 iplebe
830 2093 949 2155 tantiam
961 2112 1023 2155 non
1038 2093 1155 2171 laniati,
1168 2093 1206 2155 de
1220 2114 1290 2175 paea

70 2178 275 2241 Octavianum
284 2178 381 2240 videri
393 2176 477 2259 quaid
488 2195 582 2259 panes
592 2174 672 2235 libe·
698 2200 768 2240 eum
779 2177 813 2240 S.
824 2176 976 2261 Pompeio
986 2178 1171 2240 conveniunt
1180 2178 1220 2240 ad
1232 2177 1290 2239 Pu·

70 2264 331 2344 ralitererogaret.
361 2260 423 2324 Cui
438 2260 551 2323 fabulae
566 2259 667 2321 locum
699 2263 806 2341 teolos,
830 2263 863 2324 in
886 2262 976 2324 litore
1001 2261 1195 2344 Campaniae.
1249 2259 1290 2325 lta

70 2363 145 2432 puto
179 2348 324 2409 raebuisse
334 2347 417 2430 quod
429 2345 511 2429 apud
524 2342 668 2405 Suetoni-
698 2348 875 2432 compositis
890 2347 989 2421 rebus,
1005 2345 1113 2408 laetitia
1126 2348 1290 2411 communia

71 2450 123 2495 nrn
151 2370 278 2514 ligitur:
301 2430 470 2496 Antonium
494 2428 668 2491 Octaviano
699 2434 728 2494 dr
741 2454 841 2495 rerum
864 2430 1000 2493 omnium
1021 2430 1113 2512 copia
1134 2429 1166 2492 in
1189 2430 1290 2495 urben

71 2519 269 2580 intercnetera
275 2516 388 2599 probra
396 2515 517 2585 solitum
525 2512 668 2595 objicere,
699 2518 787 2579 redit.
810 2515 972 2578 Decedunt
984 2514 1002 2575 'e
1016 2515 1197 2595 magistratu
1211 2516 1290 2580 Con·

72 2602 156 2686 quod
170 2622 319 2686 proavum
332 2601 457 2663 haberet
468 2600 621 2682 pistorem.
700 2601 790 2678 sales,
802 2600 951 2664 Calvinus
964 2600 993 2661 bs
1005 2598 1119 2677 Pollio,
1136 2600 1167 2661 in
1182 2622 1290 2683 pauco

115 2686 186 2751 Hoc
201 2688 304 2769 itaque
316 2707 398 2748 anno
413 2686 527 2767 scripta
547 2695 593 2744 est
606 2681 669 2744 Ee·
701 2687 753 2768 qrri
764 2698 941 2769 supereraut
950 2683 1022 2746 asini
1030 2685 1119 2766 hujus
1130 2686 1204 2762 dies,
1213 2707 1290 2749 mon

72 2772 147 2854 loga
162 2771 271 2855 prima,
281 2770 541 2854 quipoiitasuam
552 2767 583 2828 in
593 2788 670 2848 agro
702 2770 824 2833 illorum
839 2786 1020 2853 temporum.
1047 2770 1200 2832 Antonius
1215 2792 1289 2834 exer

73 2856 283 2938 recuperando
298 2855 470 2918 felicitatem
495 2854 551 2914 sub
566 2850 670 2934 Tityri
702 2857 779 2918 eitius
792 2855 838 2917 sui
850 2869 978 2938 partem,
990 2868 1023 2916 ut
1034 2876 1088 2938 per
1097 2856 1239 2937 hyemem
1249 2877 1289 2918 ex

74 2942 196 3003 nomine
219 2960 251 3001 re
275 2952 426 3002 raesentat.
469 2936 606 3001 Proinde
620 2956 671 2998 ex·
703 2954 827 3016 arceret,
844 2941 936 3003 mittit
963 2939 1108 3001 adversis
1123 2940 1290 3003 Parthinos

74 3037 220 3087 orsusest
265 3024 394 3100 aeolica,
407 3024 477 3086 cium
491 3043 605 3084 annum
619 3022 672 3083 de·
704 3023 1289 3106 gentemlllyricam,&olinrBrutiCus

74 3124 209 3172 curreret
218 3129 332 3170 nonum
342 3130 378 3170 ac
390 3108 587 3189 vigesimnm3
602 3128 673 3169 nec·
705 3110 801 3191 siique
813 3110 995 3185 studiosnm3
1017 3110 1290 3193 expeditionemqn

75 3195 146 3256 dum
165 3192 240 3256 Idus
262 3193 413 3256 Octobres
436 3192 595 3274 attigisset,
611 3211 673 3273 qno
703 3193 840 3256 Pollioni
850 3216 906 3255 suo
918 3195 1090 3270 committit,
1101 3209 1135 3257 ut
1147 3194 1289 3275 colligitur

76 3293 211 3362 tempore
231 3277 420 3361 trigesimum
435 3292 501 3340 erat
519 3277 674 3359 ingressu·
703 3297 742 3341 ex
756 3279 820 3362 ejus
831 3279 988 3361 triumpho
999 3278 1037 3339 de
1049 3278 1206 3347 Parthinis
1222 3301 1290 3343 anna

75 3360 674 3446 rus.StatimqueRomdproseetusllIan·
704 3364 844 3448 proximis
859 3376 1087 3446 consequente·

76 3462 169 3525 tuam,
183 3469 339 3531 novosque
351 3466 538 3532 possessores
547 3458 674 3509 conatus
747 3447 909 3530 Virgilius,
922 3449 992 3511 cnm
1007 3448 1088 3509 filins
1099 3447 1237 3512 Pollioni
1251 3470 1290 3512 na

77 3553 113 3593 ex
126 3555 203 3614 agro
213 3533 333 3614 ejicere,
345 3533 454 3594 Arium
469 3539 577 3614 n‘empe
591 3530 675 3593 Cen·
706 3546 754 3596 tus
781 3546 869 3611 esset,
892 3535 957 3617 ejus
982 3533 1195 3615 genethliacon
1222 3536 1290 3595 enni

78 3618 238 3695 tutionem,
259 3630 313 3679 out
333 3616 551 3702 primipilarem
572 3614 675 3678 Milie-
704 3616 830 3699 Eclogi
849 3620 974 3700 quarti3
1009 3628 1171 3697 antequam
1200 3616 1287 3680 Polli

78 3723 151 3765 sirim
193 3700 362 3780 Turonum,
404 3716 458 3765 aut
499 3715 675 3763 veteranum
706 3704 919 3784 magistratum
932 3702 1111 3778 abdicisset,
1125 3721 1196 3762 nani
1209 3721 1239 3762 v.
1256 3709 1290 3765 ll

79 3787 259 3853 Claudium:
283 3788 322 3848 ab
343 3809 392 3865 eo,
415 3787 552 3869 quisquis
574 3785 674 3861 suerit,
710 3784 1059 3872 Tequeedeo'deensltec
1072 3784 1137 3862 eei,
1151 3784 1290 3850 teCeasa

80 3872 160 3933 strala
183 3872 314 3950 habitus,
334 3872 420 3953 aegris
434 3871 508 3934 vitoe
522 3891 587 3934 suae
600 3890 675 3931 corr·
707 3871 745 3950 le,
768 3872 867 3949 inibit,
890 3870 1014 3947 Polla,-
1044 3883 1114 3953 post
1134 3869 1290 3934 Brundusi

81 3956 182 4033 suluit,
197 3956 316 4019 Mincio
330 3970 436 4019 natatu
448 3958 585 4038 trajecto.
607 3952 676 4017 Ro·
707 3979 779 4019 nnm
795 3979 901 4041 pacem
916 3956 1069 4020 Pollionis
1085 3956 1181 4038 operis
1193 3957 1290 4018 consti

81 4063 161 4104 nram
176 4061 341 4121 regressus
356 4056 390 4104 ut
403 4040 465 4102 vim
484 4062 566 4103 novo
580 4038 677 4103 Octo·
708 4056 815 4119 tutam,
826 4063 898 4105 nam
907 4064 936 4104 v.
950 4044 1000 4105 17.
1042 4036 1250 4124 Paestumque
1263 4064 1290 4103 rc

80 4128 163 4188 sinui
179 4127 280 4189 edicto
299 4127 485 4209 reprimeret,
511 4123 677 4206 Eclogam,
705 4136 760 4211 get
775 4126 889 4210 patriis
909 4125 1069 4189 vineata
1095 4125 1210 4187 orbem:
1240 4147 1290 4208 poi

82 4230 152 4289 qam
166 4213 273 4274 ordine
295 4230 378 4275 nona
399 4210 522 4291 legitur,
534 4208 679 4273 obtulisse
712 4212 937 4295 pacenmetiam
952 4210 1166 4285 Puteolanam,
1189 4211 1290 4272 invect

80 4293 200 4356 ridetur
228 4295 258 4357 V
261 4318 327 4374 aro,
356 4295 439 4377 apud
474 4294 679 4357 Octavianum
711 4295 829 4365 scilicet
848 4295 881 4356 in
902 4297 1008 4356 urbem
1024 4294 1222 4369 abundantii,
1239 4314 1290 4354 nm

81 4378 228 4475 gratioso,
251 4382 337 4462 qumi
360 4378 496 4442 libellum
511 4378 679 4461 supplicem
711 4400 741 4440 v.
756 4384 809 4441 21.
852 4376 933 4463 lpse
954 4377 1030 4441 laete
1052 4379 1170 4440 domam
1184 4378 1290 4461 refluet

82 4462 273 4545 indicensque
299 4458 498 4542 ealarnitatis3
540 4483 679 4545 eamque,
711 4463 839 4526 distento
860 4460 984 4547 capellae
1007 4461 1119 4539 Ubera,
1139 4468 1194 4525 dre.
1217 4462 1290 4543 igitr

77 4561 114 4605 ar
129 4567 183 4605 ree
206 4549 347 4624 ringebat,
362 4548 511 4611 subitario
524 4546 640 4631 impetu
661 4548 680 4609 e
711 4549 924 4613 subestremos
932 4547 1087 4611 annidies.
1107 4546 1290 4612 Paritmeuir
