2724 5122
64 221 97 286 a
439 212 476 282 r.
499 158 924 295 nacmurmnoms

67 362 177 428 domnis
191 374 298 424 vocat:
321 375 351 424 et
365 361 462 423 solum
477 372 576 441 rogat,
590 380 629 420 an
644 358 721 420 sciat
755 356 873 418 uisnam
888 366 974 430 esset,
988 363 1018 414 et
1032 348 1124 435 quam
1138 350 1179 411 ad
1192 350 1290 413 felici·

67 448 176 511 tandos
199 448 335 509 homines
358 445 532 508 facultatem
547 444 681 505 haberet.
757 440 819 516 ovi,
832 439 931 521 inquit
952 437 1054 514 lllaro,
1077 449 1107 497 te
1130 433 1290 498 Caesarem

66 534 258 614 Angustum:
281 545 312 593 et
325 530 418 592 ferme
434 549 553 609 aequam
578 547 647 587 cum
661 525 732 587 Diis
746 524 968 602 immortalibus
982 532 1161 606 potestatem
1176 520 1290 582 habere

68 618 142 694 scio,
158 629 191 678 ut
206 637 295 699 quem
309 617 354 676 vis
366 614 483 674 felicem
498 611 601 672 facias
645 608 696 670 Eo
707 610 809 671 animo
821 629 897 683 sunt,
910 607 1073 689 respondet
1085 604 1205 681 caesar,
1218 617 1253 665 ut
1265 604 1290 666 si

67 722 173 762 verum
187 688 244 785 pro
258 712 368 780 rogatu
383 697 503 772 dixeris,
526 696 648 756 beatum
671 707 700 754 te
721 693 899 776 felicemque
913 691 1048 753 reddam.
1092 687 1231 767 Utinam,
1247 690 1292 750 ait

67 783 170 861 Maro,
193 782 391 864 interroganti
414 781 468 842 tibi
490 800 563 839 vera
585 778 686 840 dicere
705 799 824 858 queam.
867 776 959 837 Tunc
974 777 1150 855 Augustus:
1173 773 1292 835 Putant

70 870 123 932 alii
132 884 293 938 menarum
306 867 437 929 Octavio
445 887 455 941 3
477 863 600 945 quidam
614 863 805 944 suspicantur
818 862 879 923 alio
889 883 937 922 me
949 861 1085 942 genitum
1097 859 1174 919 viro.
1219 858 1292 921 bla-

70 975 105 1015 ro
127 954 300 1029 subridens3
322 949 440 1024 Facile,
463 947 571 1029 inquit,
595 947 619 1008 si
642 946 778 1029 impune,
793 946 977 1027 licenterque
992 966 1062 1026 qum
1085 944 1182 1005 sentio
1204 943 1291 1025 loqui
1313 986 1316 993 .

63 1039 164 1120 jubes,
188 1036 219 1098 id
244 1036 353 1099 dicam.
396 1033 537 1095 Affirmat
552 1031 662 1094 Caesar
669 1031 882 1113 jurejurando,
898 1029 1016 1091 nullum
1040 1028 1106 1110 ejus
1129 1028 1244 1089 dictum
1260 1048 1293 1089 se

70 1122 155 1202 aegre
178 1121 329 1195 laturum,
351 1116 412 1179 inid
437 1138 499 1179 non
524 1116 582 1178 nisi
606 1117 753 1178 donatum
777 1117 868 1176 abeo
883 1115 1094 1177 discessurum.
1138 1113 1190 1174 Ad
1212 1113 1291 1189 haec,

69 1206 175 1268 oculos
199 1203 295 1266 oculis
317 1202 451 1282 Augusti
466 1201 596 1282 infigens
609 1200 719 1279 Maro,
741 1192 888 1276 Pacilius,
902 1199 954 1275 ait,
970 1196 1136 1260 incaeteris
1152 1194 1293 1259 animali·

69 1290 126 1351 bus
147 1287 307 1370 qualitates
321 1300 480 1371 parentum
503 1285 723 1347 mathematicis
737 1299 767 1346 et
781 1284 971 1368 philosophis
986 1283 1132 1364 cognosci
1147 1295 1294 1365 possunt;

71 1375 102 1436 in
117 1372 238 1435 homine
247 1389 438 1453 nequaqnam
453 1370 598 1455 possibile
611 1384 666 1432 cst.
710 1369 773 1431 Sed
785 1370 823 1432 de
838 1383 868 1431 te
879 1369 1085 1450 conjecturam
1098 1368 1198 1428 habeo
1210 1367 1295 1429 simi-

67 1461 129 1521 lem
143 1456 218 1533 veri,
239 1469 273 1517 ut
291 1455 365 1537 qnid
380 1454 547 1517 exercuerit
560 1469 647 1539 pater
662 1468 741 1532 tuns,
754 1455 832 1516 scire
845 1454 969 1537 possim.
1012 1452 1138 1514 Attent'e
1150 1465 1296 1534 expecta-

70 1544 124 1603 bat
137 1540 294 1622 Augustus
308 1540 453 1638 quidnam
476 1540 599 1602 diceret.
642 1540 686 1602 At
699 1539 777 1618 ille3·
790 1537 947 1620 Quantirm
962 1556 1023 1619 ego
1038 1558 1101 1598 rem
1124 1536 1297 1618 intelligere

70 1644 204 1708 possum,
219 1625 341 1707 pistoris
354 1624 436 1686 filius
450 1646 492 1702 es,
507 1624 615 1706 inquit.
659 1623 759 1686 Obstu
782 1637 868 1684 uerat
882 1620 1001 1698 Caesar,
1017 1633 1047 1682 et
1061 1621 1161 1683 statim
1176 1642 1240 1703 quo
1264 1621 1297 1682 id

71 1723 162 1792 pacto
185 1709 250 1770 fieri
273 1709 416 1792 potuerit,
439 1709 541 1771 animo
563 1708 716 1770 volvebat.
759 1644 987 1790 interrumpens
1008 1704 1177 1788 Virgilius:
1202 1706 1296 1782 Audi,

71 1794 179 1876 inquit,
192 1815 253 1875 quo
264 1806 355 1876 pacto
367 1794 398 1855 id
413 1794 554 1874 conjicio.
599 1786 680 1854 Cium
696 1793 838 1876 quaedam
849 1791 1076 1854 enunciaverim
1086 1790 1299 1873 praedixerim·

72 1899 140 1959 que,
163 1899 233 1960 quse
256 1875 387 1961 intelligi
411 1878 541 1960 scirique
564 1897 626 1939 non
650 1878 707 1939 nisi
730 1879 770 1939 ah
791 1876 1002 1938 eruditissimis
1024 1876 1208 1957 summisque
1222 1874 1300 1936 viris

71 1963 247 2062 potuissent,
271 1976 303 2025 tu
327 1963 467 2047 princeps
483 1963 565 2024 orbis
580 1963 689 2024 iterum
700 1976 731 2024 et
742 1963 851 2023 iterum
866 1981 960 2042 panes
981 1960 1013 2021 in
1035 1961 1205 2022 mercedem
1229 1960 1299 2021 clari

66 2048 199 2128 Jnssisti3
222 2049 304 2129 qnod
317 2047 438 2129 quidem
454 2061 506 2109 aut
521 2047 652 2130 pistoris,
677 2060 731 2109 aut
753 2046 817 2109 nnti
829 2045 944 2129 pistore
956 2045 1089 2107 officium
1104 2059 1178 2107 erat.
1222 2043 1301 2105 Pla-

72 2132 135 2193 cuit
150 2131 269 2194 Cresari
284 2131 404 2194 facetia.
447 2132 490 2194 At
504 2132 592 2192 deinc
633 2153 656 2208 s,
680 2132 780 2214 inquit
802 2129 921 2208 Censor,
945 2131 1050 2193 noni
1093 2130 1194 2206 istore,
1211 2130 1304 2191 seclia

74 2218 356 2362 regedmagnanimo
371 2217 453 2278 dona
475 2215 560 2279 feres.
594 2152 757 2300 iilumque
771 2215 896 2300 plurimi
916 2215 998 2293 fecit,
1018 2228 1048 2277 et
1062 2153 1198 2277 demoni
1215 2234 1301 2274 corn-

72 2322 141 2362 men
165 2314 236 2362 avrt.
1127 2305 1131 2314 “

115 2384 256 2467 Corpore
271 2396 301 2446 et
315 2384 430 2446 staturi
444 2384 501 2447 fuit
524 2385 646 2468 grandi,
662 2384 800 2468 aquilino
814 2385 927 2463 colore,
943 2385 1020 2447 facie
1034 2381 1199 2458 rusticani,
1214 2381 1303 2443 anle-

73 2469 178 2531 tudine
190 2469 292 2548 varii,
313 2490 384 2531 narn
403 2470 582 2554 plerumque
594 2471 633 2534 ab
646 2470 804 2532 stomacho
818 2483 849 2532 et
863 2468 1001 2531 fancibns
1017 2489 1054 2530 ae
1068 2466 1175 2529 dolore
1190 2468 1303 2549 capitis

74 2554 252 2630 laborabat,
274 2554 453 2635 sanguninem
468 2555 559 2636 etiam
572 2555 685 2637 saepius
699 2554 800 2635 ejecit.
844 2553 919 2618 Cibi
930 2554 1055 2636 vinique
1064 2551 1192 2615 minimi.
1237 2551 1303 2613 Fa·

74 2659 124 2700 ma
138 2652 183 2700 est
196 2659 265 2700 eum
279 2638 414 2699 libidinis
427 2639 578 2720 pronioris
591 2639 623 2700 in
637 2658 748 2721 pueros
763 2638 873 2717 fnisse3
895 2638 947 2701 sed
959 2639 1034 2700 honi
1046 2638 1091 2699 ita
1105 2658 1174 2698 eum
1189 2657 1304 2720 pueros

75 2722 190 2784 amisse
205 2733 397 2805 putaverunt,
413 2735 447 2781 nt
460 2723 604 2783 Socrates
619 2723 821 2800 Alcibiadem,
838 2739 869 2786 et
883 2722 975 2786 Plato
990 2743 1061 2784 suos
1072 2743 1193 2807 pueros.
1238 2721 1304 2782 Ve-

75 2808 142 2869 rirm
158 2808 235 2867 inter
250 2826 353 2867 omnes
368 2804 499 2866 maxime
512 2804 618 2866 dilexit
633 2805 790 2885 Cebetem,
805 2823 836 2871 et
855 2809 1075 2883 Alexandrum,
1091 2828 1181 2889 quem
1194 2827 1303 2867 secun-

76 2891 117 2952 dia
135 2889 355 2951 Bucolicorum
369 2889 479 2970 eclogia
501 2888 622 2950 Alexim
637 2890 782 2972 appellat,
798 2892 944 2955 donatmn
966 2893 1024 2954 sibi
1040 2893 1079 2953 ab
1094 2892 1203 2953 Asinio
1226 2889 1303 2951 Pol-

76 2974 167 3037 lione.
211 2972 383 3054 Utrumqne
397 2994 459 3034 non
474 2973 658 3035 ineruditum
673 2973 787 3037 dimisit
794 2998 804 3054 ;
834 2976 1044 3038 Alexandrum
1057 2975 1302 3058 grammaticum,

77 3058 224 3120 Cebetem
238 3057 311 3119 verb
326 3073 355 3120 et
369 3062 504 3141 poetam.
547 3056 718 3140 Vulgatum
732 3073 787 3135 est,
803 3061 995 3123 consuevisse
1017 3082 1086 3121 eum
1108 3081 1177 3121 cum
1198 3058 1304 3121 Plotia

77 3141 194 3205 Hierifr.
253 3142 316 3204 Sed
342 3143 494 3205 Asconius
520 3140 688 3206 Paedianua
717 3144 857 3222 affirmat,
878 3146 889 3206 i
913 3166 979 3207 sum
1004 3143 1111 3229 posteri
1134 3143 1305 3204 minoribus

78 3242 151 3289 natu
174 3248 297 3289 narrare
320 3228 451 3304 solitum,
472 3228 634 3289 invitatum
648 3228 770 3310 quidem
794 3250 825 3291 se
840 3230 859 3291 ir
872 3166 971 3291 dario
994 3229 1035 3290 ad
1057 3227 1304 3290 communionem

78 3311 221 3389 mulieris,
236 3312 341 3374 verium
363 3334 394 3375 se
409 3312 649 3395 pertinacissime
664 3313 828 3375 recusasse.
872 3311 999 3376 Caeteri
1011 3313 1086 3376 san'c
1107 3312 1181 3389 vita,
1195 3325 1226 3374 et
1240 3335 1302 3389 ore,

79 3410 109 3457 et
130 3396 242 3472 animo,
258 3411 320 3458 tam
343 3398 474 3480 probum
493 3396 586 3458 fuisse
600 3410 730 3474 constat,
743 3411 776 3459 ut
790 3397 924 3481 Neapoli
939 3398 1123 3461 Parthenias
1137 3397 1233 3479 vulgi>
1250 3420 1304 3495 ap-

79 3479 261 3562 pellaretur:
284 3502 331 3557 ac,
345 3482 369 3542 si
384 3481 508 3562 qnando
522 3480 635 3543 Romae
648 3480 709 3564 qud
724 3483 878 3545 rarissime
891 3484 1081 3546 commeabat
1101 3484 1258 3558 viseretur,
1272 3504 1304 3542 m

79 3563 204 3647 publico
228 3578 373 3627 sectantes
388 3566 688 3649 demonstrantesque
706 3587 747 3644 sc,
772 3568 981 3650 subterfugere
1003 3569 1124 3629 solitum
1145 3567 1178 3628 in
1200 3568 1304 3649 proxi·

79 3669 162 3710 mum
178 3661 298 3711 tectum.
342 3648 435 3711 Bona
449 3663 549 3712 autem
573 3651 731 3733 cujusdam
746 3652 895 3714 exulantis
914 3654 1058 3714 offerente
1072 3654 1226 3733 Atrgrrsto,
1242 3673 1305 3717 non

81 3732 221 3795 sustinuit
236 3734 383 3879 acciplere.
426 3732 568 3797 Possedit
590 3756 647 3818 pro
671 3736 816 3799 ecenties
831 3737 1000 3799 sestertirim
1019 3756 1055 3797 ex
1071 3736 1306 3798 liberalitatibus

82 3817 257 3904 amicornm.
336 3816 479 3900 abuitqne
494 3819 618 3882 domurn
666 3838 745 3883 omae
759 3822 791 3883 in
806 3820 970 3904 Exquiliis,
982 3822 1074 3902 juna
1097 3821 1202 3883 hortos
1225 3819 1306 3882 Mae-

82 3902 214 3963 cenatis:
238 3922 411 3983 quanquam
434 3924 553 3965 secessu
567 3903 750 3989 Campaniae
775 3906 952 3988 Siciliaeqne
972 3904 1137 3989 plurimirm
1161 3917 1305 3966 uteretur.

82 3987 283 4069 Quaecunque
305 3986 345 4046 ab
368 3986 511 4068 Augusto
529 4001 653 4072 peteret,
669 3989 821 4077 repulsam
832 4012 989 4074 nunquam
1004 3990 1120 4056 habuit.
1163 3988 1308 4051 Parenti-

82 4071 139 4131 bus
151 4067 312 4151 quotannis
326 4090 433 4131 aurum
448 4072 488 4134 ad
499 4074 704 4136 abundantem
719 4072 825 4137 alitum
839 4076 995 4138 mittebat:
1011 4094 1087 4158 quos
1096 4075 1164 4155 jam
1179 4075 1307 4154 grandis

84 4155 199 4215 antisit:
221 4175 258 4215 ex
273 4153 392 4237 quibus,
409 4169 526 4237 patrem
540 4158 637 4219 oculis
647 4150 789 4241 'capmmr
812 4172 842 4221 et
856 4160 934 4222 dnos
948 4161 1055 4223 fratres
1067 4178 1239 4241 germanos,
1256 4157 1307 4218 Si-

86 4236 183 4299 loncm
207 4239 406 4322 impuberem,
429 4238 578 4304 Flaccum
597 4242 666 4322 jam
691 4242 838 4320 adultum,
863 4246 950 4325 cujus
972 4245 1085 4305 exitum
1107 4242 1163 4304 sub
1185 4244 1308 4304 nominc

84 4318 256 4401 Daphnidis
282 4322 381 4384 deflet.
424 4322 509 4388 Inter
531 4338 645 4408 caetera
667 4326 777 4405 studia,
804 4340 838 4389 ut
863 4321 956 4412 snprh
978 4329 1119 4405 diximus,
1146 4327 1308 4391 medicina

84 4422 214 4485 quoqne,
230 4427 266 4468 ac
281 4408 413 4471 maxime
428 4410 651 4472 mathematicae
665 4430 791 4494 operam
805 4410 898 4473 dedit.
940 4410 1020 4494 Egit
1033 4425 1063 4474 et
1076 4432 1201 4476 causam
1214 4430 1309 4472 unam

84 4487 219 4564 omnino,
241 4512 297 4552 nee
322 4493 452 4577 amplius
488 4494 561 4559 nim
575 4493 677 4558 semel.
721 4493 870 4560 Sermone
883 4493 1099 4576 tardissimum,
1114 4517 1152 4561 ac
1165 4494 1245 4583 pene
1261 4495 1311 4559 in-

68 4568 167 4625 doeto
175 4571 311 4634 nmilem
323 4576 428 4653 firisse,
480 4578 589 4643 elissae
601 4578 738 4645 radidit
