2724 5122
272 586 661 667 ‘ARGUMENTUM
688 586 742 660 IN
768 586 1042 663 GEORGICA.

74 872 423 964 GEORGICORUM
441 905 556 960 nomem
578 884 718 961 insumit,
744 884 898 966 agricola:
921 882 975 946 boc
997 893 1094 954 autem
1118 884 1137 947 ὰ
1157 895 1231 967 nata,
1246 889 1295 953 od
1332 880 1349 943 ¹.

74 972 120 1040 ria
134 989 223 1049 terra,
237 982 263 1034 et
273 973 361 1045 ῗργονο
384 992 428 1030 uS.
476 967 652 1030 Traduntur
679 967 733 1031 ltac
759 991 845 1053 opere
858 977 1010 1052 precepto
1036 968 1111 1030 dea
1156 971 1294 1050 culturi,
1349 1025 1354 1033 ,

76 1069 205 1144 quatuor
213 1056 308 1120 libris.
371 1052 603 1116 ‚Dearatioae
646 1050 692 1113 ΙΙ.
713 1051 763 1114 De
794 1051 967 1114 laatatioae.
1010 1050 1074 1114 ΙΙΙ.
1133 1077 1147 1115 e
1151 1056 1294 1138 pastione

76 1143 213 1226 cultuque
219 1161 368 1224 pecorum.
412 1136 476 1199 IV.
499 1135 549 1198 De
563 1135 668 1220 apibus
684 1146 710 1198 et
724 1075 900 1201 mellatione.
944 1133 1054 1220 anue
1066 1137 1164 1199 amaia
1177 1150 1294 1203 naturus

77 1224 333 1290 accommodantur
359 1221 459 1286 Italici
484 1219 551 1297 soli,
564 1220 788 1306 prasertimque
807 1219 925 1296 Veneti,
946 1219 979 1282 ia
994 1241 1052 1305 qua
1077 1220 1212 1284 Mantua
1216 1223 1292 1307 suit.

78 1310 193 1373 Ducem
207 1309 240 1370 in
251 1330 284 1370 eo
296 1328 405 1392 genere
419 1315 532 1368 secutus
547 1314 588 1366 est
607 1302 760 1387 Virgilius
773 1302 938 1367 Hesiodum
952 1304 1104 1367 usercam
1114 1328 1149 1367 eu
1160 1305 1294 1384 Baetici,

80 1394 115 1457 de
126 1416 184 1478 quo
195 1387 322 1454 diotimus
332 1389 402 1453 Ecl.
417 1395 447 1451 6.
462 1394 512 1451 to.
541 1388 637 1472 Cssjus
651 1387 769 1465 librum,
789 1389 881 1452 inseri
903 1400 964 1450 tum
978 1391 1035 1462 ἔργα
1045 1393 1086 1446 καὶ
1097 1391 1187 1465 ἡμέραι,
1199 1413 1297 1474 opera

80 1494 111 1541 et
124 1479 198 1553 dies,
221 1477 309 1560 longi
324 1486 351 1537 et
365 1496 397 1537 co
420 1473 451 1534 it
466 1483 492 1534 et
505 1472 654 1557 elegantid
668 1474 827 1557 superauit.
897 1484 1002 1556 aptum
1012 1485 1054 1534 est
1063 1495 1136 1556 opus
1146 1497 1225 1538 anna
1236 1477 1295 1538 eir-

81 1562 153 1626 citer
171 1560 210 1624 U.
228 1558 265 1623 C.
279 1565 349 1621 717.
393 1496 529 1641 ilirgilii
544 1561 585 1619 32
597 1567 648 1618 aut
661 1561 711 1619 33.
726 1568 753 1618 et
763 1557 912 1640 septennio
922 1557 1114 1640 perpolitum.

122 1643 287 1720 Maecenas,
302 1642 350 1704 cai
368 1640 519 1725 Georgica
533 1641 676 1724 inscripta
688 1651 766 1718 sunt,
776 1642 891 1725 primos
905 1641 937 1702 in
956 1639 1115 1703 Octauiani
1124 1642 1228 1725 gratid
1253 1652 1296 1705 ts·

82 1729 147 1792 nuit
158 1750 222 1791 cum
231 1727 374 1812 Agrippi
383 1726 509 1809 gradus.
557 1725 671 1786 Genese
684 1724 807 1801 Tuscus,
820 1746 855 1786 ea
865 1725 996 1808 antiquis
1009 1724 1144 1786 Etruria
1157 1723 1296 1871 refibus:

82 1834 207 1898 quarum
219 1810 340 1897 posteri,
350 1820 422 1894 post
434 1809 540 1871 multas
549 1808 648 1892 gentis
661 1808 768 1886 clades,
781 1808 949 1871 Romanam
960 1809 993 1871 ia
1005 1809 1180 1871 civitatetua
1202 1810 1296 1887 messi,

83 1897 213 1981 equestri
223 1895 371 1979 dignitate
386 1893 530 1955 aixerunt.
560 1891 707 1955 Eruditos
719 1891 884 1990 complexus
898 1902 949 1969 cst,
964 1892 1108 1988 imprimis
1127 1892 1163 1955 V
1159 1894 1297 1979 irgilium

84 1991 112 2044 et
121 1979 307 2055 Horatium,·
328 1976 402 2039 oded
410 1975 521 2060 parias
536 1976 670 2060 cupidus,
684 1985 777 2061 utqui
792 1976 904 2039 atteris
926 1975 1149 2061 magistratibus
1167 1979 1298 2063 iimpera-

83 2064 144 2140 bat,
156 2064 219 2148 ipse
234 2062 361 2159 equestri
375 2060 489 2135 ordine,
505 2069 531 2121 ct
546 2058 627 2122 urbis
642 2070 673 2122 at
693 2082 730 2122 ae
740 2059 841 2123 Italia
849 2057 1030 2145 praefectura
1051 2071 1201 2125 contentus
1216 2061 1299 2126 niac-

83 2147 134 2209 rit.
177 2145 338 2208 Adhibitus
353 2144 390 2207 ab
407 2142 573 2207 Octauiano
585 2164 650 2207 eum
658 2083 804 2291 siml
814 2142 848 2207 ia
858 2144 1057 2207 consiliando
1068 2144 1193 2242 imperio
1206 2145 1298 2231 depo·

84 2229 191 2307 nendo,
215 2228 397 2291 retinendam
406 2227 578 2311 persuasit..
611 2224 680 2291 Soet
747 2224 890 2313 pieursns
904 2227 980 2311 suit,
995 2228 1028 2291 in
1043 2240 1156 2306 uestitu,
1170 2229 1299 2309 incessu,

84 2313 270 2399 supellectili,
293 2311 443 2387 conuiciis,
466 2310 590 2396 ipsoqsu
603 2310 749 2389 ticam,
762 2310 883 2375 mollior
906 2334 941 2374 ac
966 2311 1124 2376 remissior.
1168 2310 1300 2399 Scripsit

85 2396 294 2461 Prometheum
308 2405 336 2458 et
354 2394 509 2458 Octauiam
521 2404 569 2457 tra
617 2394 693 2474 dias,
708 2394 870 2461 comminuat
883 2393 975 2458 libros
989 2396 1100 2459 decem:
1113 2396 1213 2462 solutd
1227 2418 1300 2461 ara-

86 2482 165 2545 tione
177 2479 398 2543 commeatacias
411 2479 446 2541 de
458 2478 543 2541 rebus
554 2416 742 2563 abaaagmm
751 2478 854 2564 gestis,
864 2479 933 2542 item
945 2480 980 2542 de
992 2479 1170 2543 animalibus
1181 2492 1208 2543 et
1239 2503 1300 2545 em·

87 2565 141 2629 mis
155 2564 313 2649 dialogos:
335 2564 434 2626 omnia
451 2562 578 2660 periise.
621 2561 757 2625 Decessit
776 2585 854 2625 anno
873 2562 912 2627 U.
933 2562 969 2626 0.
992 2569 1064 2627 tta.
1112 2563 1150 2627 0.
1218 2567 1300 2629 attio

93 2649 257 2713 Censorino
273 2659 300 2710 et
317 2646 353 2710 C.
368 2647 476 2709 dsimo
493 2645 585 2708 Gallo
606 2644 688 2709 Coss.
740 2645 867 2731 Triplex
881 2658 923 2709 est
937 2647 1019 2732 apud
1030 2647 1170 2726 cruditos,
1185 2648 1222 2711 de
1235 2650 1300 2734 ejas

87 2734 214 2808 nomine,
229 2732 435 2794 controversia.
481 2729 505 2790 Ι.
533 2728 691 2813 Quodnam
704 2730 1046 2814 ipsiusnomeafuerit?
1081 2731 1249 2795 Lambinus
1266 2735 1301 2796 in

87 2816 268 2898 Vipsanium
287 2825 402 2899 gentem
417 2813 540 2889 inducit,
559 2813 688 2875 sedeam
703 2815 854 2897 confundit
872 2837 936 2877 cum
958 2815 1063 2899 agap
1082 2816 1111 2892 d,
1126 2816 1209 2900 cujus
1223 2821 1302 2880 certe·

112 2899 199 2960 eatile
213 2921 317 2960 noman
338 2896 481 2979 bocsuits
502 2896 620 2959 Paulus
635 2896 796 2959 Manutius
810 2899 842 2959 ia
857 2897 1017 2960 Cinciam:
1074 2899 1252 2984 landarpius
1266 2901 1302 2964 in

86 2920 230 3047 ileliam:
251 2980 392 3043 Muretus
404 2981 436 3041 ia
450 2981 621 3062 Aquiliam:
644 3003 740 3042 omnes
753 2993 805 3042 aut
819 2981 928 3045 levibus
943 2992 993 3043 aut
999 2979 1091 3064 salsis
1103 2983 1303 3066 conjectatio.-

88 3064 231 3128 Maaima
244 3075 271 3127 et
285 3064 396 3148 optima
404 3086 489 3146 pars,
515 3062 681 3140 Turnebus,
704 3063 840 3148 lipsius,
864 3068 916 3144 lse.
931 3065 964 3126 ia
979 3064 1123 3142 Cilnium,
1144 3086 1212 3195 im
1222 3088 1302 3153 gens

90 3148 293 3212 cratdretiaa
301 3146 383 3209 urbis
393 3148 425 3210 ia
435 3146 574 3209 Etruria.
617 3145 663 3210 ΙΙ.
690 3145 776 3211 Unde
788 3170 947 3233 cognomen
959 3146 1150 3212 Maecenatis.
1183 3148 1304 3213 Insulas*

16 3237 22 3252 '
91 3232 208 3295 deducit
228 3228 415 3294 Beemaunus
442 3230 478 3293 ab
494 3231 555 3316 ejus
570 3231 708 3307 moribus,
731 3232 811 3316 quid
824 3243 894 3294 esset
906 3235 1023 3306 aarum,
1038 3254 1099 3295 aon
1113 3234 1304 3313 commonitu

90 3326 145 3378 aut
158 3320 193 3389 pr*
207 3319 289 3391 mstis,
305 3336 367 3375 nan
393 3337 511 3376 novas:
533 3325 641 3377 namet
660 3314 760 3377 Graeci
784 3337 935 3400 nunquam
952 3338 987 3377 ae
1011 3316 1098 3379 atiois
1122 3314 1303 3393 nominibus,

89 3404 134 3476 pt,
155 3399 207 3460 sed
221 3398 404 3482 privativum
426 3431 444 3461 a
458 3398 633 3543 preJtigunt,
647 3411 673 3460 et
693 3397 728 3460 V
725 3421 806 3474 arro,
819 3399 840 3460 l.
863 3407 892 3460 7.
915 3399 950 3461 de
1002 3400 1063 3462 .L.
1080 3399 1177 3463 aloeo
1192 3400 1306 3463 dictum

91 3492 224 3545 testatur.
268 3478 435 3578 Estigitur
450 3505 468 3542 a
482 3482 508 3543 a
524 3483 707 3544 editerranco
731 3484 858 3565 quodam
873 3481 1040 3545 Etruriae
1083 3483 1175 3560 idulo,
1203 3484 1306 3548 θωκ-

91 3567 255 3641 ausiciae,
271 3567 330 3649 qud
349 3589 381 3628 ra
405 3567 461 3629 ord
481 3565 603 3629 Plinius
618 3566 688 3628 aina
708 3565 874 3629 Cmseaatia
886 3566 973 3629 simul
987 3580 1014 3628 et
1051 3566 1208 3631 'acenatia
1225 3588 1308 3631 cam·

92 3648 218 3725 mendat,
231 3648 344 3712 libat.
358 3655 387 3712 6.
430 3647 493 3711 ΙΙΙ.
521 3647 677 3734 Quomodo
697 3650 798 3733 prima
824 3661 851 3711 ct
872 3651 969 3713 media
992 3651 1175 3735 cognominis
1186 3649 1308 3734 syllaba

87 3732 244 3818 pingenda
254 3732 316 3796 sit?
343 3732 430 3794 Certi
440 3733 547 3809 media,
564 3755 623 3817 pce
637 3755 654 3794 e
668 3733 806 3817 longum
848 3733 900 3795 uia
919 3733 1021 3796 Grati
1032 3733 1123 3819 uulgo
1129 3756 1212 3819 pers
1225 3733 1309 3822 legi-

93 3827 151 3880 tar.
192 3815 300 3880 Prima
313 3815 359 3878 ael
377 3838 434 3899 per
446 3839 473 3879 ae
484 3816 530 3880 nel
544 3838 590 3879 oe:
613 3817 732 3901 quinia
746 3756 888 3880 veteribus
903 3816 967 3879 cad.
980 3829 1104 3902 atroque
1119 3818 1205 3967 mogo
1211 3841 1312 3969 {effi

91 3902 187 3977 ritur,·
202 3923 261 3984 per
276 3897 504 4047 aegreKYuentibs.
547 3899 649 3987 Igitur
671 3921 775 3964 nomem
797 3901 945 3987 integram
957 3900 1034 3985 suit,
1056 3901 1165 3967 CAIU

92 3982 196 4047 NIUS
217 3981 294 4048 ΜΕ
326 3982 356 4046 Ε

388 3982 453 4047 AS.
