2736 5100
545 200 885 269 'ARGUMENTUM
1268 210 1326 273 181

97 372 121 415 ‚¹
151 354 254 419 Certe
263 348 480 438 magnitudinis
487 349 551 413 sive
563 349 741 428 durationis,
749 371 820 433 quae
831 346 927 432 vulgb
937 349 1008 411 anni
1018 350 1108 413 unius
1115 349 1226 434 spatio,
1236 351 1329 415 inter·

97 441 179 504 dum
207 439 299 501 etiarn
322 438 440 498 minore
453 435 612 497 definitur:
628 436 667 496 ab
682 434 719 495 ei:
733 435 875 496 nimirum
891 433 1019 495 actionis
1031 448 1127 517 parte,
1140 436 1221 497 unde
1234 440 1330 519 poe'ta

99 525 199 587 sumit
213 523 365 606 poei'matis
380 520 536 581 exordium
548 541 557 596 ;
572 518 612 579 ad
624 539 719 599 usque
728 518 880 616 poematis
894 518 994 579 tinem.
1040 516 1093 580 Sic
1108 516 1250 601 Odyssea
1264 521 1328 583 dies

100 609 241 691 quinque
253 607 379 668 omnino
393 618 423 666 et
437 603 678 685 quinquaginta:
700 599 774 664 lhas
790 622 903 665 annum
917 602 1069 681 integrum
1082 603 1174 686 capit.

149 689 332 753 FABULA
348 702 467 750 constat
478 687 627 771 partibus,
643 686 706 746 sive
721 685 811 768 plane
831 686 1018 760 necessariis,
1035 704 1105 765 quae
1125 701 1195 750 suut
1208 687 1328 751 acords'·

100 797 165 851 um,
182 797 284 849 amm,
297 788 327 834 et
341 771 469 834 solutio.-
491 771 554 831 sive
566 791 629 832 non
640 768 733 853 plani:
749 771 934 845 necessariis,
950 788 1020 850 quae
1036 783 1106 828 sunt
1118 771 1263 851 epicedio.

149 859 331 935 Exordium,
340 859 432 918 habet
440 855 679 938 propositionem
692 854 831 930 actionis,
840 854 1065 915 invocationem
1078 854 1218 930 numinis,
1234 855 1326 920 etiam

103 944 149 1006 ali
172 944 275 1005 uando
290 941 512 1003 dedicationem
528 939 628 1022 operis
643 939 773 1021 principi
790 951 842 999 aut
856 939 956 999 amieo
970 937 1047 998 viro.

146 960 267 1102 ‚heren
282 1038 328 1087 est
353 1025 506 1085 variorum
536 1044 660 1084 casuum
688 1025 788 1100 series,
804 1022 843 1084 ad
858 1043 925 1084 eam
941 1042 1035 1103 usque
1048 1019 1197 1119 perducta
1211 1036 1326 1103 partem

102 1112 217 1195 operis,
231 1112 263 1170 in
279 1109 340 1189 quei
351 1109 524 1170 tractionis
539 1108 636 1169 llexus
648 1107 680 1166 in
696 1106 869 1169 felicitatem
884 1121 936 1167 aut
945 1105 1176 1167 infelicitatem.¹

148 1194 280 1269 Salutio,
296 1208 341 1253 est
355 1192 500 1273 quicquid
510 1193 550 1253 ab
566 1213 603 1252 eo
618 1192 696 1252 tlexu
708 1192 746 1252 ad
761 1191 852 1253 tinem
865 1210 960 1273 usque
976 1189 1103 1251 actionis
1116 1188 1284 1270 peragitur.

146 1277 311 1362 prodia,
328 1290 396 1337 sunt
406 1276 542 1339 actiones
553 1275 695 1357 quaedum
719 1275 890 1350 adscititiae,
914 1295 983 1355 quae
997 1293 1067 1336 cum
1082 1274 1203 1334 actione
1217 1272 1327 1356 praeci·

100 1363 167 1447 puri
178 1362 273 1423 veluti
290 1361 501 1435 necessariam,
528 1359 610 1421 certe
637 1357 830 1420 verisimilem
852 1357 1099 1440 conjunctionem
1111 1357 1233 1418 babent
1277 1355 1330 1419 Ea

101 1446 200 1528 vulgd
214 1447 246 1507 in
261 1466 381 1520 nexum,
397 1445 467 1504 rard
487 1444 518 1503 in
534 1443 725 1517 solutionem,
755 1464 909 1524 nunquam
925 1444 956 1503 in
971 1441 1129 1502 exordium
1145 1442 1325 1505 inseruntur.

100 1529 240 1595 'araeden
250 1530 333 1590 dicta
345 1530 384 1588 ab
394 1533 441 1598 ἐπὶ,
450 1549 547 1609 super,
558 1537 680 1610 preter,
692 1530 729 1599 ἓις,
741 1527 783 1603 in,
794 1542 824 1589 et
837 1525 951 1602 meta
961 1549 974 1601 ,·
990 1525 1076 1606 quasi
1091 1524 1328 1609 supervenientia

100 1611 222 1674 ioniam
238 1623 265 1674 et
279 1611 383 1673 seriem
399 1611 536 1671 actionis.

146 1694 303 1758 MORES
319 1695 448 1775 denique
463 1695 656 1756 manifestant
671 1696 763 1757 animi
791 1695 923 1758 allectus.
968 1690 1229 1755 SENTENTIA
1244 1712 1326 1755 men·

103 1778 143 1842 tis
158 1780 361 1862 cogitationes
376 1779 526 1862 exprimit.
570 1776 728 1842 DICTIO
744 1800 843 1840 mores
850 1793 880 1842 et
891 1779 1069 1842 sententiam
1084 1789 1291 1860 repraesentat.

457 1947 520 2009 DE
543 1945 732 2009 NATURA
755 1946 973 2012 AENEIDOS.

146 2095 238 2158 Actio
255 2095 410 2168 AEneidos,
425 2107 460 2154 ut
471 2093 554 2155 nuda
567 2106 612 2155 est
626 2094 726 2175 operis
740 2094 876 2171 materia,
890 2095 933 2156 sic
949 2096 1092 2157 sehabet.
1137 2096 1259 2170 AEneas,
1278 2094 1326 2157 in·

102 2179 226 2241 censiti
241 2178 361 2242 Graecis
374 2176 482 2258 Trojis,
498 2199 567 2240 cum
586 2198 709 2239 suorum
731 2178 867 2259 reliquiis
880 2180 956 2240 mari
972 2200 1003 2241 se
1018 2178 1188 2255 committit,
1203 2177 1327 2241 Italiam

103 2263 263 2345 petiturus,
276 2263 357 2324 unde
380 2263 511 2342 majores
523 2262 587 2342 ejus
603 2262 661 2322 orti
676 2283 741 2324 esse
755 2261 943 2325 ferebantur:
964 2262 1048 2339 illuc,
1061 2276 1131 2345 post
1143 2284 1231 2324 casus
1246 2261 1327 2325 terri

103 2347 241 2427 marique
253 2348 366 2421 varios,
382 2345 521 2428 appellit:
537 2345 686 2428 excipitur
698 2347 870 2409 humaniter
882 2347 901 2407 d
912 2347 1036 2423 Latino,
1049 2340 1121 2408 tude
1134 2347 1246 2408 ibidem
1256 2344 1329 2429 :egl

103 2443 212 2507 nante3
227 2444 257 2492 et
268 2430 409 2491 Lavinia:
422 2429 536 2512 nuptiis
551 2430 583 2492 iu
597 2450 742 2511 generum
756 2432 961 2514 adoptaretur,
977 2431 1035 2492 nisi
1043 2431 1177 2492 obstaret
1188 2429 1324 2508 Turnus,

103 2510 208 2575 Dauni
224 2512 410 2575 Rutulorum
426 2514 508 2595 regis
523 2513 613 2576 filius.
657 2513 689 2577 Is
703 2516 844 2577 Laviuire
852 2517 973 2597 nuptias
978 2514 1164 2596 jampridem
1178 2516 1324 2591 ambiens,

102 2598 230 2661 AEueam
246 2598 333 2679 gravi
345 2598 427 2660 bello
442 2612 551 2659 vexat:
574 2597 626 2660 sed
640 2600 678 2660 ab
699 2621 736 2661 eo
751 2600 848 2662 victus
869 2612 898 2659 et
914 2598 1041 2674 occisus,
1058 2619 1201 2681 sponsam
1215 2598 1243 2659 ei
1255 2618 1326 2681 reg·

102 2702 235 2763 utrinque
251 2682 423 2744 habendum
436 2683 567 2765 denique
576 2683 731 2766 permittit.

150 2766 249 2829 Uetera
264 2786 338 2841 esse,
355 2779 445 2848 atque
457 2764 611 2843 illustrem,
622 2787 688 2828 eam
700 2769 848 2831 actionem
861 2768 966 2851 liquet.

149 2850 333 2935 completam
345 2852 474 2931 negavit
485 2849 648 2933 Maphaeus
663 2849 791 2932 Vegius,
807 2852 936 2935 idcd'que
951 2853 1009 2915 sibi
1046 2851 1204 2916 ossevisus
1216 2866 1261 2914 est
1272 2853 1325 2916 de·

100 2934 213 2996 cimam
230 2936 351 2996 tertium
368 2935 479 2996 librum
495 2934 615 2999 AEneidi
631 2956 760 3014 assuere,
775 2958 835 3018 quo
851 2937 988 2999 dolerem
1036 2937 1201 3013 utulorum,
1224 2936 1324 3000 Turni

101 3018 198 3095 tunsis,
214 3020 320 3082 AEneae
333 3020 454 3101 nuptias
464 3031 493 3079 ct
503 3020 682 3101 apotheosin
693 3023 869 3103 complexus
881 3037 943 3083 est:
957 3022 1068 3085 temere
1082 3022 1217 3083 omnino.
1241 3019 1324 3084 Nam

100 3103 276 3183 apotheosis
287 3105 305 3163 b
318 3103 337 3165 J
340 3124 397 3164 ove
409 3103 559 3185 promissa
571 3118 614 3164 est
635 3102 688 3165 lib.
707 3111 735 3167 l.
755 3110 828 3169 263.
871 3105 965 3168 Feres
979 3106 1021 3168 ad
1034 3105 1135 3168 sidera
1150 3105 1213 3170 eali
1225 3104 1326 3191 Meg·

98 3186 252 3248 ausimum
281 3190 416 3250 AEaeom.
460 3184 542 3247 Tum
576 3188 757 3250 confirmata
768 3190 788 3251 l.
811 3194 859 3252 12.
875 3196 948 3252 tut.
997 3190 1164 3274 Indigetem
1198 3193 1325 3255 AEneam

98 3268 156 3331 scir
167 3271 246 3354 ipsa,
263 3280 291 3332 et
308 3269 511 3353 scirefnteris,
537 3268 651 3332 Deberi
666 3272 748 3334 coelo.
791 3273 862 3336 Jam
884 3274 1016 3336 Lavinia
1037 3295 1226 3356 regnumque
1240 3274 1324 3337 Latii

99 3352 241 3416 isTurno
252 3356 398 3416 :horiente
414 3357 518 3418 AEneae
534 3356 716 3438 permittitur
728 3357 749 3419 l.
767 3363 816 3420 12.
832 3363 903 3420 937.
952 3357 1022 3419 Tua
1043 3368 1086 3420 est
1104 3358 1239 3422 Lavinia
1254 3381 1324 3422 coa·

97 3436 161 3507 ier.
206 3438 341 3514 Caetera,
357 3460 426 3519 quae
442 3440 480 3500 ad
494 3460 636 3521 pompam
652 3441 826 3525 luctumque
847 3443 1005 3526 pertinent,
1022 3442 1136 3524 frigida
1161 3465 1196 3506 ac
1222 3444 1324 3527 pueri·

99 3520 153 3597 lia,
168 3524 252 3585 certe
269 3523 393 3583 minime
407 3524 585 3584 necessaria.

140 3605 391 3691 ‚lleguitrrdiaem
404 3607 493 3667 habet
508 3619 614 3668 certam
629 3610 789 3690 acjustam
803 3633 812 3671 ε
834 3610 908 3673 licbt
921 3612 1002 3673 enim
1015 3626 1086 3675 octo
1101 3614 1222 3676 circiter
1236 3613 1323 3675 annis

99 3684 224 3751 durisse
239 3691 319 3751 actio
334 3704 399 3751 tota
413 3691 554 3770 dicatur;
576 3713 669 3754 unum
685 3708 785 3757 tamen
799 3714 836 3757 ex
858 3696 904 3773 iis,
920 3717 1050 3778 eumque
1066 3698 1214 3772 ultimum,
1229 3698 1325 3794 posita

99 3775 329 3857 complectitur:
353 3774 558 3856 superioribus
569 3777 692 3858 reliquis
708 3779 738 3840 in
751 3780 938 3862 episodicam
953 3782 1060 3845 AEneae
1079 3802 1183 3844 coram
1198 3777 1324 3842 Didone

100 3860 304 3920 narrationem
318 3858 457 3919 redactis.
501 3858 702 3922 Mambrunus
712 3863 833 3943 quidem
847 3866 996 3927 sexdecim
1011 3886 1127 3928 menses
1139 3864 1261 3927 AEneidi
1277 3876 1322 3926 at·

100 3941 213 4018 tribuit,
230 3965 267 4004 co
281 3943 439 4019 adductus,
456 3943 538 4025 qubd
561 3945 718 4022 Anchises,
735 3961 767 4007 ut
779 3968 816 4008 ex
832 3947 852 4008 l.
866 3953 896 4009 5.
910 3949 1060 4031 liquidum
1074 3963 1129 4025 est,
1154 3947 1264 4008 obierit
1290 3948 1323 4010 in

100 4021 207 4087 Sicilia
219 4047 314 4088 verno
327 4042 472 4109 tempore.
515 4026 607 4089 Unde
622 4029 664 4089 sic
677 4030 815 4112 colligit:
839 4034 966 4095 AEneam
978 4056 1040 4095 uon
1055 4032 1150 4094 multd
1161 4030 1241 4113 pbst,
1254 4051 1322 4093 ver-

101 4128 139 4169 no
152 4111 223 4171 item
238 4125 384 4192 tempore,
401 4111 615 4188 indesolvisse,
632 4113 701 4175 esim
728 4114 758 4175 in
780 4116 915 4177 Africam
938 4129 1115 4200 tempestate
1129 4116 1243 4196 ejectus
1257 4128 1322 4195 est:

100 4195 171 4273 quid
186 4195 266 4256 enim
280 4194 358 4268 eum,
372 4209 492 4256 mortuo
505 4210 600 4277 patre,
615 4196 683 4258 satis
698 4197 729 4259 in
748 4198 869 4261 ltaliam
884 4202 1074 4276 vocantibus,
1098 4199 1211 4261 diutitis
1223 4199 1255 4260 in
1271 4198 1322 4262 Si-

100 4277 169 4340 eilii
181 4278 351 4341 tenuisset?
375 4293 437 4339 tum
454 4279 540 4340 addit
550 4281 677 4342 eundem
691 4283 723 4344 in
740 4284 845 4345 Africa
859 4298 954 4346 totam
974 4286 1123 4365 hyemem,
1138 4298 1228 4366 atque
1244 4283 1322 4347 adeb

100 4381 209 4424 antrum
224 4363 286 4424 l'er‘c
302 4362 487 4440 traduxisse3
511 4363 657 4444 siquidem
681 4366 751 4428 inde
765 4369 873 4429 iterum
897 4369 928 4430 iu
953 4367 1092 4430 Siciliam
1116 4370 1238 4431 ineunte
1251 4388 1323 4432 vere

100 4446 263 4524 trajiciens,
279 4447 502 4508 anniversarios
517 4449 596 4529 patri
612 4448 700 4511 ludos
721 4451 907 4513 celebravit:
923 4451 1046 4534 reliquis
1062 4467 1163 4516 autem
1178 4454 1210 4516 in
1231 4452 1324 4517 ltalia

98 4530 248 4609 preclari:
262 4532 356 4614 gestis
370 4550 488 4594 menses
502 4532 661 4597 miniuuim
669 4547 801 4620 quatuor
815 4536 1081 4605 essetribueudos.
1108 4538 1247 4625 Pugnat
1256 4556 1333 4600 cun·
