2724 5122
436 153 476 219 P.
495 144 689 215 VIRGILH
711 142 917 210 MARONIS

252 358 260 380 ‚
577 292 758 378 Sequentis3

270 384 334 452 Dic
347 384 420 448 mihi
432 380 584 460 Dauara,
599 381 697 466 orgum
704 375 823 463 pectet?
844 396 922 440 onae
936 372 1109 441 Latinum?

271 470 358 548 Noa,
373 466 469 533 aerim
483 465 636 552 AEgoair:
656 462 753 527 nostri
763 461 806 525 ric
818 483 887 526 rure
897 460 1072 547 loquantur.
1217 544 1220 549 Ι

67 556 166 637 Alius,
180 556 325 704 recitappe
339 574 377 618 eo
398 573 436 616 ex
451 550 622 633 Georgicis,
634 547 749 612 Nudru
761 566 827 625 ore,
842 568 905 610 rere
916 546 1026 625 audac,
1044 544 1184 628 subjecit,
1198 543 1294 613 habe.

67 665 113 707 oar
189 663 244 707 eru
312 660 381 703 rem.

141 742 169 790 st
182 728 210 790 bu
223 640 366 789 adieras
379 719 512 785 AEneida
521 718 600 782 liber
613 717 747 782 Carbilii
758 716 902 795 Pictoris,
918 716 1007 779 titulo
1018 713 1292 782 AEneidomastix.

67 809 114 877 Μ.
128 810 293 896 Vipranius
304 828 372 871 eum
388 808 408 870 a
423 802 595 869 Maecenate
620 804 819 904 suppositum,
842 800 1020 887 appellabat
1038 821 1130 863 novae
1151 801 1296 878 ωοζυλίος

68 909 267 981 repertorem
288 893 468 971 dicebatque
488 909 586 971 neque
611 888 760 951 tumidum
773 908 849 965 esse,
871 906 970 970 neque
984 885 1110 965 exilem3
1132 887 1185 950 sed
1205 908 1294 951 com·

68 981 209 1050 munibus
223 979 322 1042 verbis
338 998 357 1037 o
379 995 414 1036 us
426 970 502 1036 illud
514 972 689 1036 confecisse.
733 970 906 1035 Herennius
918 972 995 1034 vitia
1009 973 1073 1054 ejus
1083 972 1201 1034 tantum
1215 993 1293 1036 con·

69 1067 170 1143 traxit,
192 1063 323 1126 Petilius
376 1058 510 1121 ausunus
536 1057 626 1120 furta.
670 1057 750 1120 Sunt
764 1058 793 1119 bs
806 1056 848 1140 Q.
870 1057 994 1121 Octavii
1009 1056 1095 1119 Aviti
1113 1055 1293 1138 volumina;

68 1151 177 1231 quibus
189 1159 361 1221 annotatur,
373 1162 450 1226 quos
461 1143 490 1206 br
500 1141 583 1205 unde
592 1162 696 1205 versus
708 1143 903 1204 transtulerit.
946 1141 1103 1231 Asconiuq
1111 1138 1292 1220 Pedianus,

68 1232 147 1297 libro
162 1254 251 1318 quem
264 1243 372 1292 contra
384 1229 602 1291 obtrectatores
615 1224 742 1309 Virgilii
754 1226 883 1309 scripsit,
897 1246 997 1309 pauca
1012 1225 1177 1287 admodum
1191 1226 1220 1288 ei
1234 1228 1293 1289 ob·

63 1318 148 1399 jecta
169 1314 330 1400 proponit;
352 1314 381 1375 bs
402 1312 593 1396 potissimum
612 1312 695 1393 qubd
716 1332 778 1373 non
793 1311 875 1373 rectis
897 1310 1055 1372 historiam
1076 1310 1241 1388 contexuit,
1263 1312 1294 1375 ba

68 1402 152 1482 quod
163 1401 248 1485 plera
269 1420 307 1461 ue
319 1399 358 1461 ab
372 1396 509 1460 Homero
523 1397 659 1480 sumpsit
703 1395 766 1459 Sed
779 1397 837 1458 hoc
851 1396 967 1458 crimen
976 1395 1020 1458 sic
1035 1394 1194 1458 defendere
1207 1417 1293 1458 assu-

68 1500 150 1548 etum
165 1485 224 1562 ait;
246 1422 312 1547 gur
325 1501 388 1545 nou
399 1481 444 1545 illi
477 1500 578 1563 uoque
590 1481 696 1543 eadem
708 1481 789 1543 furta
808 1480 979 1544 tentarent?
1001 1480 1108 1542 verium
1122 1480 1293 1544 intellectu·

69 1590 131 1646 ros,
145 1568 262 1631 saciliits
276 1588 340 1630 esse
360 1502 488 1629 Herculi
503 1565 632 1643 clavam,
648 1565 739 1647 quim
758 1564 896 1628 Homero
908 1585 1029 1627 versum
1043 1565 1204 1648 surripere.
1247 1565 1293 1630 Et

70 1667 170 1717 tamen
183 1651 349 1715 destinisse
367 1651 515 1727 secedere,
527 1663 561 1713 ut
575 1649 679 1712 omnia
693 1649 733 1712 ad
748 1649 915 1713 satietatem
927 1648 1148 1712 malevolorum
1168 1650 1293 1714 decide-

69 1751 124 1800 ret.
167 1736 273 1799 Refert
287 1737 377 1798 etiam
387 1732 564 1811 Paedianus,
579 1733 758 1816 benignum,
770 1734 978 1816 cultoremque
991 1735 1126 1796 omnium
1139 1735 1292 1798 bonorum

69 1836 160 1904 atque
182 1822 368 1884 eruditorum
389 1819 480 1882 fuisse
487 1841 497 1898 3
519 1820 657 1902 &usque
677 1817 754 1880 adeb
777 1818 904 1881 invidiae
927 1833 1089 1903 expertem,
1113 1833 1147 1881 ut
1170 1820 1194 1880 si
1216 1821 1294 1902 quid

69 1905 186 1969 erudite
202 1905 317 1968 dictum
332 1904 492 1987 inspiceret
504 1903 636 1983 alterius,
652 1924 714 1966 non
735 1903 835 1967 minias
850 1903 999 1985 gauderet
1016 1925 1053 1966 ac
1075 1905 1100 1967 si
1115 1924 1201 1966 suum
1217 1904 1293 1967 suis.

70 2003 130 2070 set;
152 1992 300 2054 neminem
314 1989 503 2072 vituperare3
524 1987 651 2051 laudare
671 1989 786 2068 bonos;
808 1988 846 2051 eia
866 1989 1054 2051 humanitate
1077 2009 1150 2066 esse,
1175 2003 1209 2051 ut
1232 1989 1292 2052 nisi

91 2095 226 2137 erversus
240 2073 382 2151 maxime,
397 2074 524 2155 quisque
538 2072 624 2136 illum
639 2094 702 2135 non
717 2072 857 2155 diligeret
870 2074 974 2151 modb,
985 2068 1044 2137 'sed
1064 2086 1188 2137 ornaret.
1232 2073 1292 2136 Ni-

68 2095 113 2222 bil
133 2159 249 2242 proprii
272 2158 384 2221 babere
398 2157 567 2219 videbatur.
610 2155 689 2239 Ejus
709 2157 896 2220 bibliotheca
916 2180 980 2222 non
998 2159 1097 2222 minias
1113 2158 1180 2220 aliis
1193 2158 1292 2221 doctis

69 2243 202 2325 patebat,
218 2263 254 2305 ac
268 2242 344 2319 sibi3
365 2240 500 2323 illudque
521 2238 681 2324 Euripidis
707 2242 865 2325 aodquum
888 2264 971 2327 saepe
996 2244 1173 2326 usurpabat,
1195 2246 1233 2299 rar*
1250 2249 1294 2299 τεν

69 2327 138 2394 qiam
161 2329 232 2402 mad,
258 2325 422 2387 commuuio
445 2347 504 2387 erae
530 2346 690 2388 amarorum
705 2326 815 2389 omnio.
859 2327 964 2410 Quare
977 2348 1100 2390 coaesfos
1115 2347 1219 2387 omnes
1234 2349 1292 2410 po·

69 2412 136 2472 itas
151 2411 194 2473 ita
207 2411 366 2492 adjunctos
389 2408 515 2489 habuit;
537 2422 571 2472 ut
583 2409 654 2474 crim
668 2411 747 2472 inter
768 2430 800 2473 se
822 2410 985 2494 plurimiurn
1000 2411 1117 2473 invidiis
1138 2411 1291 2490 arderent,

69 2493 155 2557 illum
170 2495 231 2557 uni
242 2514 346 2556 omnes
361 2495 503 2572 colerent,
516 2492 639 2572 Varius,
655 2492 774 2572 Tucca,
790 2493 948 2571 Horatius,
965 2494 1084 2578 Grallus,
1099 2493 1290 2578 Propertius.

68 2578 167 2642 Anser
180 2578 264 2659 verb,
287 2579 431 2662 quoniam
452 2578 580 2641 Antonii
602 2590 703 2662 partes
725 2594 845 2642 secutam
868 2594 922 2656 est,
936 2579 1022 2642 illum
1038 2600 1101 2642 non
1115 2581 1292 2644 observisso

68 2664 190 2726 dicitur.
213 2661 398 2726 Comificius
410 2665 451 2726 ob
465 2682 639 2746 perversam
651 2676 792 2726 naturam
807 2663 893 2727 illum
907 2685 970 2727 non
985 2665 1063 2727 tulit.
1087 2664 1205 2747 Gloriae
1215 2668 1289 2728 verb

59 2746 146 2811 ‚adeo
161 2761 352 2832 contemptor
366 2748 432 2825 fuit,
447 2761 481 2809 ut
495 2748 564 2809 ciam
579 2747 704 2830 quidam
717 2768 822 2811 versus
837 2749 985 2832 quosdam
1001 2750 1058 2811 sibi
1074 2750 1291 2828 adscriberent,

67 2830 164 2912 rique
178 2831 216 2893 de
230 2853 263 2892 re
277 2831 359 2894 docti
383 2833 581 2910 haberentur3
604 2852 665 2894 non
677 2833 771 2894 modb
787 2833 872 2914 aegre
885 2855 947 2897 non
965 2834 1089 2910 ferebat,
1105 2833 1168 2895 imb
1180 2835 1290 2918 volup-

66 2920 187 2977 tuosum
203 2915 235 2977 id
259 2916 316 2976 sibi
336 2930 411 2978 erat.
455 2914 537 2978 Cium
551 2916 631 2978 enim
648 2917 809 2995 distichon,
826 2919 908 3000 quod
920 2918 1041 2980 laudem
1056 2918 1291 3000 felicitatemque

66 2999 200 3080 Augusti
221 2999 405 3077 continebat,
419 3000 545 3078 fecisset,
564 3001 722 3084 vulvisque
743 3022 805 3063 non
826 3003 983 3065 nominato
999 3017 1121 3065 auctore
1134 3003 1289 3081 infixisset,

68 3081 100 3144 id
114 3097 179 3145 erat
193 3083 357 3165 ejusmodi:

293 3165 482 3252 Nocfeplait
496 3168 569 3246 tetri,
584 3169 708 3233 redeunt
718 3170 885 3255 pectorale
897 3192 1000 3234 mnae:

334 3250 475 3315 Divisere
489 3253 643 3337 imperium
658 3276 721 3317 cum
733 3252 808 3317 Jove
828 3254 1041 3319 cesaraeae.

108 3331 175 3396 Diu
189 3337 355 3419 quaeritans
378 3339 545 3420 Augustus,
561 3341 717 3420 cujusnam
733 3339 765 3400 hi
780 3360 883 3402 versus
895 3356 1003 3419 essent,
1016 3361 1120 3404 eorum
1136 3355 1291 3405 auctorem

68 3438 131 3481 nou
153 3420 334 3483 inveniebat.
377 3420 542 3503 Bathyllus
565 3424 649 3500 verb,
671 3427 764 3507 po'cta
787 3425 911 3506 quidam
933 3426 1104 3504 mediocriS,
1121 3429 1290 3489 tacentibus

69 3503 146 3580 aliis,
162 3504 219 3566 sibi
232 3505 400 3587 adscripsit.
445 3505 653 3587 Quamobrem
668 3508 797 3570 donatus
810 3510 1036 3593 honoratusque
1052 3512 1070 3573 a
1085 3510 1211 3574 Coesarc
1223 3512 1289 3573 fuit.

68 3586 163 3669 Quod
177 3609 267 3670 aequo
283 3591 387 3651 animo
410 3610 472 3651 non
486 3591 582 3653 ferens
594 3590 754 3674 Virgilius,
770 3593 877 3656 iisdem
891 3595 989 3658 valvis
1002 3595 1097 3658 affixit
1111 3610 1217 3677 quater
1232 3596 1292 3657 hoc

66 3672 260 3755 principium,
279 3672 394 3735 Siccos
409 3695 469 3736 aon
482 3674 574 3737 robis.
617 3675 800 3740 Postulabat
813 3680 973 3761 Augustus
987 3693 1021 3742 ut
1034 3679 1067 3740 hi
1088 3700 1192 3741 versus
1207 3701 1291 3741 corn·

67 3755 230 3839 plerentur.
274 3756 368 3839 Quod
391 3760 461 3820 cium
476 3759 586 3823 frustria
600 3760 696 3843 aliqui
714 3761 816 3825 conati
828 3778 935 3841 essent,
949 3762 1099 3846 Virgilius
1122 3766 1291 3848 praeposito

67 3839 198 3904 disticho
213 3842 256 3904 sic
270 3843 441 3924 subjunxit3

313 3924 382 3988 Hos
397 3948 452 4012 ego
464 3926 702 4013 eerrirrlmsrci,
714 3929 785 3993 tulit
799 3929 877 3994 ulter
889 3930 1027 4019 hoqores.

316 4009 369 4072 sic
380 4032 430 4072 cos
442 4033 502 4074 noa
516 4011 597 4076 nobis
610 4012 776 4098 nidificat&
788 4037 865 4079 oum.

316 4092 369 4157 sic
380 4116 430 4156 cor
442 4118 502 4159 aon
516 4096 597 4160 robis
609 4097 718 4161 uellera
724 4097 815 4183 fertis
831 4120 905 4163 coer.

315 4176 368 4242 sic
377 4201 426 4240 eor
438 4202 498 4242 noa
511 4180 593 4244 robis
607 4180 785 4266 mellificatis
797 4205 868 4268 uper

315 4261 429 4325 Siccos
441 4263 693 4347 aonaobirscrtir
708 4278 813 4331 aratro
824 4265 918 4331 bocer.

110 4336 184 4420 Quo
206 4346 331 4427 cognito
352 4346 530 4429 aliquandiu
554 4347 720 4431 Bathyllus
745 4349 858 4415 Romae
881 4351 987 4417 fabula
1008 4352 1075 4430 fuit,
1099 4352 1191 4417 Maro
1213 4376 1291 4420 vero

69 4423 243 4488 exaltatior.
287 4427 369 4492 Cium
389 4431 415 4492 is
430 4432 595 4513 aliquando
608 4431 746 4496 Ennium
767 4435 800 4498 in
819 4439 1057 4514 manuhaberet,
1072 4453 1293 4522 rogareturque

66 4504 213 4588 quidnam
237 4510 369 4593 facem
401 4515 567 4600 respoudit,
593 4536 626 4580 se
651 4537 760 4583 aurum
786 4519 936 4605 colligere
959 4514 998 4586 de
1024 4533 1161 4587 stercore
1182 4522 1290 4605 Ennii,
