2724 5122
60 1240 185 1329 FUIT
215 1264 253 1327 ila
276 1261 471 1341 hominibus,
493 1262 545 1344 qui
569 1264 684 1347 scripta
698 1279 832 1331 veteram
846 1265 1057 1350 explauirunt,
1086 1258 1203 1331 hocin'
1217 1260 1300 1327 omui

61 1391 163 1441 aetate
177 1378 335 1441 familiare
343 1375 469 1437 vitium:
491 1388 525 1437 ut
538 1396 571 1437 se
583 1376 724 1459 prirnirm,
737 1392 893 1442 auctorem
908 1380 1018 1443 deinde
1033 1400 1132 1457 sunm,
1146 1378 1301 1473 illustrans

65 1490 128 1553 doe
138 1490 359 1571 ornandorque
371 1486 558 1569 susceperint
564 1509 574 1565 3
597 1490 1304 1573 eos,quorumscribercntgratii,nulloadmo·

68 1602 147 1666 dum
160 1604 191 1667 in
205 1603 277 1665 loco
292 1622 331 1664 ac
345 1620 473 1663 numero
502 1600 672 1665 habuerint.
716 1602 781 1664 Aut
794 1604 875 1665 enim
887 1603 1019 1665 scribere
1045 1599 1151 1665 otiorit
1160 1600 1303 1664 videntur

69 1716 220 1791 voluisse,
234 1715 347 1798 quibus
369 1713 410 1775 ad
424 1712 519 1775 libelli
531 1713 763 1795 intelligentiam
789 1714 939 1777 interdum
954 1714 1027 1777 ratio
1047 1714 1150 1796 exigui
1164 1700 1260 1775 multu
1272 1720 1306 1773 et

70 1848 192 1909 magna
203 1825 496 1889 commentationum
519 1826 677 1889 volumina
690 1826 813 1910 placere
824 1841 967 1912 possent3
989 1841 1042 1891 aut
1050 1826 1176 1891 eruditis
1189 1826 1263 1887 viria
1273 1835 1305 1887 et

72 1938 281 2001 maximarum
290 1958 391 2001 rernm
399 1938 649 2021 cognitionejnm
661 1939 797 2016 imbutis,
808 1940 860 2021 qui
871 1938 953 2003 levia
963 1952 994 2001 et
1004 1939 1179 2002 communia
1188 1934 1305 2002 lastidi-

72 2068 156 2117 rcnt.
200 2048 267 2132 Qui
280 2049 353 2111 verti
367 2049 483 2135 primos
490 2050 640 2133 juvenum
667 2066 795 2116 conatus
807 2052 953 2134 adjuvare
966 2072 1028 2115 non
1044 2052 1132 2115 dauri
1156 2024 1306 2133 (lignitate

74 2165 217 2229 alienum
232 2162 363 2239 duceret,
375 2162 427 2224 vix
439 2162 457 2225 ir
470 2164 534 2225 toti
547 2165 744 2249 interpretum
761 2179 852 2248 gente
877 2187 955 2229 unus
976 2180 1067 2250 atque
1079 2168 1156 2231 alter
1167 2167 1308 2229 inventur

75 2292 133 2340 est.
179 2273 390 2339 idcircolrunc
404 2286 534 2357 purtem,
553 2276 651 2359 propri
665 2278 867 2361 depositamri
889 2282 1017 2358 creterir,
1033 2280 1117 2344 tantd
1144 2278 1308 2345 studioniirt

77 2387 196 2471 suscipi
207 2385 316 2465 voluit,
327 2387 378 2469 qui
387 2402 432 2449 est
443 2387 484 2449 ab
491 2386 581 2470 Rege
588 2386 852 2455 Christianissimo
861 2390 1053 2456 Serenissimi
1063 2392 1210 2479 Delphini
1222 2390 1308 2455 insti·

78 2503 194 2567 tutioni
210 2496 637 2583 praepositus,lllurtrissimus
650 2498 957 2584 MontanaeriiDu13
978 2506 1094 2587 quanto
1105 2506 1183 2589 regii
1193 2504 1308 2567 alumni

80 2616 218 2681 indolem
233 2613 274 2676 ad
288 2612 499 2696 pernoscenda
511 2626 644 2676 veterum
655 2633 750 2697 opera
762 2617 992 2700 propensiorem
1005 2618 1129 2681 videbat
1142 2640 1151 2679 r
1174 2630 1265 2697 atque
1276 2624 1311 2677 ut

81 2729 237 2811 Princeps
244 2726 378 2810 optimus
384 2722 604 2809 'prodessejam
614 2738 678 2787 tum
691 2725 839 2809 inciperet
850 2730 922 2806 suis,
929 2742 960 2791 et
974 2729 1056 2792 orbis
1067 2727 1190 2793 utilitati
1205 2740 1310 2791 natum

17 2864 24 2873 ·
81 2864 114 2905 re
128 2839 338 2921 intelligeret3
359 2836 426 2899 haec
441 2836 631 2920 privatorum
645 2838 712 2919 ejus
740 2839 909 2903 studiorum
925 2841 1148 2925 qualiacunque
1162 2840 1307 2918 subsidia,

83 2954 211 3040 publica
225 2951 325 3014 facere
337 2950 430 3014 etiam
441 2950 539 3011 visum
553 2965 608 3015 est.

126 3066 188 3130 llis
203 3084 264 3147 ego
279 3062 454 3126 auctoribus
467 3082 504 3123 ac
519 3062 656 3139 ducibus,
687 3064 719 3126 in
734 3064 791 3127 hic
806 3064 933 3148 Virgilii
947 3067 1171 3151 explanatione,
1199 3078 1310 3150 proeter

9 3176 13 3253 f
85 3179 246 3243 brevitatis
260 3176 428 3255 nitorisque
443 3173 587 3251 studium,
600 3173 631 3236 id
647 3173 796 3259 imprimis
810 3178 884 3239 milti
899 3181 1045 3264 proposui
1053 3203 1063 3259 3
1084 3178 1214 3265 publicis
1226 3200 1311 3245 com·

9 3298 11 3305 '
87 3291 203 3367 modis,
212 3311 273 3353 nou
288 3308 367 3350 meae
381 3286 527 3349 ine-laudi
542 3287 665 3350 servire.
694 3286 795 3371 lgitur
809 3289 945 3353 versibus
957 3293 1242 3377 inierpretationern,
1255 3312 1313 3355 no·

9 3436 14 3483 ¹.
86 3424 136 3473 tas
148 3402 391 3491 interpretationi
406 3402 530 3484 subjeci.
554 3400 597 3465 Et
608 3422 677 3465 eum
689 3403 811 3486 quidem
824 3406 1078 3490 interpretationis
1091 3410 1236 3493 optimum
1248 3426 1312 3471 este

9 3506 15 3557 ἶ
87 3521 162 3584 duxi
173 3480 319 3619 monn
333 3514 465 3599 priminn
476 3527 511 3576 ut
521 3528 599 3577 esset
610 3517 771 3597 continuu3
784 3538 831 3595 nc,
840 3518 912 3581 dnm
921 3519 1144 3599 omittosacilia,
1157 3516 1314 3583 nonnulla

9 3678 20 3697 .
87 3637 194 3709 ctiam,
211 3645 244 3693 ut
258 3630 302 3707 lit,
314 3627 453 3693 difficilia
464 3627 668 3711 prteterircm:
691 3641 755 3691 tum
764 3642 798 3691 ut
809 3630 950 3713 expedita
962 3632 1090 3715 po'c'ticis
1103 3633 1233 3694 numeris
1244 3649 1313 3691 ver·

88 3767 180 3811 auum
190 3722 339 3916 seosstin
351 3740 536 3815 redderetur,
547 3738 640 3822 plano
652 3754 796 3823 rectoque
806 3741 923 3818 ordine,
933 3742 1033 3807 verbis
1044 3743 1168 3805 totidem
1178 3741 1265 3818 aliis;
1279 3750 1314 3801 nt

11 3884 19 3945 ς
91 3872 206 3943 praeter
220 3876 240 3917 v
299 3852 660 3935 sensumqueverborum,
675 3852 766 3913 etiam
770 3872 886 3921 eorum
897 3853 989 3936 copia
1003 3865 1239 3937 compararetur.
1274 3847 1315 3913 In

13 3948 36 4035 i.
94 3974 185 4045 notin,
200 3965 320 4048 neglexi
334 3964 410 4029 nihil
411 3966 517 4047 ,cujus
527 3963 558 4026 in
567 3962 699 4045 legendo
714 3958 846 4053 lirfflio
858 3984 1000 4027 usnsesse
1015 3964 1124 4047 aliquis
1138 3958 1316 4047 possemni·

11 4214 32 4255 l

13 4380 39 4483 ,ἑ

13 4528 51 4627 il

14 4017 194 4193 {iilud
208 4078 480 4143 sotamlireramrae
489 4076 721 4141 ostentationem
736 4076 948 4160 usurpavi.
1246 4106 1297 4145 ..-

112 4194 244 4277 Atque
250 4192 283 4255 id
293 4190 416 4305 quidem
427 4186 500 4250 milri
509 4184 530 4249 i
540 4184 701 4259 summis
673 4207 692 4248 r
694 4187 746 4247 nis
754 4188 925 4273 impositum
926 4184 1050 4267 quanti
1061 4182 1122 4247 lide
1130 4180 1327 4268 perfecerim,

96 4288 269 4401 dpclarassit
282 4266 427 4377 tracus,
419 4312 454 4363 ut
464 4320 564 4383 spero,
578 4319 642 4361 non
653 4294 814 4361 mediocris
829 4298 901 4359 inde
914 4295 1134 4380 percipiendae
1162 4292 1293 4379 Quarti
1279 4290 1354 4363 tit.-

100 4432 203 4481 aatem
215 4414 291 4479 acite
304 4412 548 4497 prudenterque
540 4410 721 4565 rurtttuturp,
749 4409 925 4475 exiirdenr
916 4410 991 4497 ipris
1003 4408 1129 4513 equilii
1150 4380 1357 4489 anetum

1150 4518 1225 4563 a·
