2724 5122
298 470 338 546 P.
360 470 573 546 VIRGILII
598 472 830 549 MARONIS
854 470 1029 546 AENEIS.

509 1011 845 1080 ARGUMENTUM.

98 1158 262 1228 AENEIS
271 1166 379 1246 peina
394 1156 628 1234 norvicensem
644 1160 765 1242 epicum,
779 1160 816 1224 ab
827 1160 932 1227 AEned
947 1159 1094 1248 Trojano,
1110 1162 1242 1227 Veneris
1256 1174 1285 1228 et

57 1246 196 1314 Anchisa
203 1245 286 1329 filio,
300 1244 421 1305 Priami
457 1264 554 1321 cneco,
565 1264 668 1304 nomeu
684 1242 791 1307 habet:
811 1252 873 1311 nori
886 1247 968 1332 quid
981 1248 1110 1311 actiones
1124 1248 1209 1311 illiue
1222 1270 1285 1311 ont·

51 1355 109 1398 nea
122 1328 371 1414 comprehendam
392 1350 421 1389 se
457 1348 546 1389 uuam
557 1326 635 1388 inter
650 1348 747 1391 omnes
755 1329 953 1415 precipuum,
967 1331 1078 1394 scilicet
1104 1353 1230 1417 regnum
1250 1333 1287 1395 in

57 1416 153 1481 trotio
170 1413 345 1497 fundatum.
381 1410 503 1495 Scripta
523 1421 566 1473 ert
586 1411 604 1472 d
625 1409 763 1495 Virgilio
779 1412 811 1476 in
827 1415 972 1499 gratiam,
989 1427 1049 1478 tunt
1070 1415 1220 1490 Romana
1239 1426 1287 1479 to·

57 1501 118 1563 tius
125 1498 236 1582 gentis,
258 1506 316 1558 tom
323 1494 456 1579 familiae
473 1494 619 1578 imprimis
633 1493 735 1571 June,
748 1518 813 1580 qua
821 1498 967 1583 originem
989 1499 1132 1583 referebat
1146 1523 1232 1562 auom
1244 1500 1289 1564 ad

58 1582 158 1648 litium
172 1582 232 1643 eine
246 1580 419 1656 Ascanium,
429 1577 646 1662 AErtacefilium
661 1602 697 1641 ea
714 1581 827 1643 Orciani
835 1581 956 1644 Priami
961 1581 1045 1666 filici.
1078 1584 1116 1646 In
1126 1585 1288 1669 ltoaepor·

59 1664 250 1752 rdfamiiiam
272 1663 402 1725 adscitur
424 1664 443 1725 ὰ
464 1661 551 1725 Julio
579 1661 699 1726 Caeare
712 1666 857 1729 aortneuio
872 1665 978 1750 socrat
997 1666 1191 1744 Octauianus,
1215 1681 1288 1732 tunc

59 1772 157 1814 rerum
167 1757 382 1832 patenamque
396 1746 521 1832 Egpyto
533 1744 664 1824 subacti,
679 1746 730 1811 M.
744 1748 878 1813 Antonio
892 1763 918 1813 et
936 1750 1098 1835 Cleopatra
1111 1749 1289 1835 intersectis,

59 1856 137 1898 unns
147 1833 226 1896 oriris
238 1832 370 1893 Romani
385 1832 530 1894 dominns.
556 1830 656 1893 Scribi
669 1843 761 1917 capta
774 1851 824 1910 est,
837 1834 928 1897 duno
948 1833 987 1898 U.
1008 1835 1044 1898 C.
1058 1841 1130 1898 724.
1147 1846 1292 1898 coeunte:
1347 1842 1350 1846 ’

66 1917 198 2003 Virgilii
212 1923 264 1978 40.
293 1914 455 1978 Octaviani
470 1920 520 1978 33.
544 1914 607 1977 cim
626 1915 810 1978 Octauianus
825 1919 857 1980 in
872 1918 949 1981 aaa
971 1941 1031 1981 noa
1053 1919 1142 2003 longi
1157 1919 1194 1981 ab
1218 1918 1292 1982 Eu·

58 2002 166 2089 pitrate
188 2000 355 2084 hyemaret:
377 2010 464 2084 atque
485 1999 528 2062 ita
557 1998 592 2061 V
589 2001 712 2147 ilrhgilins
732 2012 800 2085 post
823 2003 985 2065 adhibitam
1009 2002 1166 2087 Georgicis
1191 2013 1292 2065 cetre-

61 2109 138 2150 mam
152 2107 280 2162 manum,
294 2084 433 2147 continui
448 2084 577 2147 animum
636 2084 879 2148 neidioidetura
918 2085 1055 2162 licaicre3
1076 2087 1109 2148 in
1124 2088 1218 2171 eique
1233 2109 1294 2150 an·

61 2194 125 2248 nor,
139 2169 273 2233 athairot
296 2167 428 2246 Seruius,
451 2168 586 2231 undecim
598 2169 765 2246 collecticio,
788 2110 958 2254 quotiieo
974 2181 1028 2232 tem
1051 2192 1101 2232 ore
1114 2171 1155 2232 ad
1165 2181 1293 2234 mortem

62 2254 184 2340 Vigiiii
198 2253 318 2317 omnino
329 2262 532 2316 numerantur.
557 2253 682 2316 Secutus
697 2264 739 2316 ert
756 2253 913 2351 Virgilius,
928 2254 1002 2316 utin
1049 2253 1171 2317 aeolicis
1187 2253 1293 2318 Titeo·

62 2339 178 2417 tritum,
194 2339 225 2401 in
243 2336 400 2436 Georgicis
410 2335 597 2414 Hesiodum
619 2337 663 2399 ita
678 2338 710 2399 in
726 2337 858 2401 AEneede
880 2337 1064 2401 Homerum.-
1086 2337 1169 2422 cajus
1189 2336 1294 2422 Odys·

62 2445 140 2487 ream
162 2447 213 2486 oen
255 2420 387 2485 rioribus
405 2421 502 2500 libris,
517 2418 644 2487 Iliadem
658 2444 709 2484 seo
725 2422 954 2506 posterioribus,
969 2421 1122 2507 expremit,
1137 2444 1178 2485 on
1201 2423 1294 2487 etium

58 2445 296 2595 superauitdid
306 2509 375 2570 ecrd
390 2506 551 2592 ambigitur
563 2507 641 2570 inter
655 2507 764 2570 doctos.

326 2954 388 3018 DE
410 2953 599 3018 NATURA
621 2952 852 3017 POEMATIS
874 2954 1007 3020 EPICI.

110 3100 238 3167 POEM
242 3101 269 3163 Α
284 3123 298 3163 c
321 3099 407 3177 icum,
421 3102 484 3163 sive
498 3099 643 3183 epopaeio,
659 3100 701 3162 sic
714 3099 828 3162 dictum
846 3115 892 3163 est
907 3104 945 3163 ab
958 3100 1147 3181 treveriren,
1160 3105 1294 3185 quieto·

68 3200 133 3251 tum
155 3189 259 3270 poitae
305 3186 417 3247 ictione
436 3206 487 3246 seu
512 3184 686 3246 narratione
712 3184 893 3247 continetur.
930 3184 1087 3248 Definitur
1101 3208 1139 3248 ex
1153 3189 1297 3252 doctrinis

69 3271 259 3336 Aristotelis:
273 3268 407 3330 imitatio
417 3267 543 3331 actionis
553 3266 641 3328 unias
654 3266 790 3343 illustris,
799 3270 958 3352 compieta,
970 3281 1053 3333 cartre
1064 3272 1295 3355 magnitudinis,

91 3378 137 3420 ure
152 3353 325 3425 narratione
338 3365 366 3415 et
377 3375 462 3415 versu
471 3351 639 3414 hexametro
656 3351 735 3413 uiroc
750 3352 904 3438 principes
917 3353 1192 3418 cumadmiratione
1205 3367 1233 3419 ct
1245 3357 1296 3420 de·

70 3380 228 3504 iactatione
240 3436 454 3521 adprimarinr
464 3437 585 3499 virtutes
601 3434 718 3497 cacitat.

114 3523 259 3605 Quinque
280 3522 501 3605 complectitur,
518 3519 670 3594 actionem,
687 3518 838 3602 fabulam,
862 3537 965 3598 morer,
990 3521 1174 3600 sententium,
1190 3522 1297 3586 dictio·

73 3629 148 3673 uun.
171 3606 274 3681 Actio,
296 3619 341 3668 est
354 3607 506 3689 poimntis
520 3604 669 3665 materia:
693 3604 797 3665 sabula
811 3619 855 3666 est
879 3607 1008 3667 aetionis
1023 3606 1122 3668 forma
1140 3620 1169 3668 et
1183 3620 1299 3670 tracte·

72 3695 139 3756 tio:
162 3711 272 3766 mores,
287 3691 445 3768 sententia,
458 3689 562 3763 dictio,
579 3701 648 3749 sunt
663 3689 833 3751 necessaria
847 3689 960 3750 sabulae
976 3704 1163 3753 ornamenta.
1195 3690 1304 3769 Pota,

74 3776 166 3840 sumit
189 3775 339 3836 actionem
364 3775 403 3835 ab
427 3776 531 3850 heroii,
555 3770 689 3833 sanatam
713 3775 752 3833 ab
777 3788 841 3833 arte
856 3771 920 3850 sui,
945 3794 1043 3836 mores
1059 3776 1077 3836 i
1091 3774 1299 3859 philosophii,

75 3860 253 3923 sententium
270 3859 288 3919 it
302 3858 464 3935 rhetorici,
480 3857 644 3919 dictionem
661 3856 679 3916 i
694 3858 904 3937 grammatici.

116 3941 259 4007 ACTIO
272 3944 361 4005 debet
375 3963 439 4003 esse
451 3963 523 4017 nna,
537 3937 674 4015 illustria,
690 3941 844 4025 completo,
855 3952 941 4004 certa
955 3940 1182 4025 magnitudinis.

122 4026 203 4105 Una,
219 4027 252 4088 id
273 4040 328 4103 est,
342 4028 381 4087 ab
397 4047 458 4088 uno
474 4027 565 4087 heroii
579 4024 748 4106 praecipuo,
761 4039 791 4087 et
803 4047 865 4087 uno
879 4025 1026 4088 continuo
1041 4025 1140 4107 spatio
1155 4027 1303 4112 temporis

77 4114 192 4195 ubsque
213 4111 433 4172 intermissione
446 4109 595 4193 persecta3
611 4107 739 4189 talisque
755 4109 912 4191 praeterreri,
922 4122 957 4171 ut
970 4109 1047 4169 alias
1061 4109 1093 4170 iu
1109 4109 1245 4174 actiones
1256 4112 1304 4175 in·

79 4211 181 4279 tegrus
196 4197 267 4258 item
282 4195 511 4277 completusque
520 4192 614 4253 dividi
629 4212 690 4252 uon
702 4194 809 4276 possit.

120 4278 266 4356 illustria,
277 4301 352 4361 ergo
367 4294 396 4340 et
411 4280 545 4340 virorum
560 4275 743 4359 principum,
754 4291 783 4338 et
795 4277 827 4338 in
837 4275 1304 4360 gravisplendidiqnematerii.

126 4361 293 4447 Contpieto,
309 4364 358 4424 cui
374 4363 450 4424 nibil
474 4361 551 4424 desit
573 4379 678 4421 eorum
700 4361 845 4438 omnium,
862 4381 932 4443 qttoe
947 4359 1052 4427 adesse
1066 4361 1188 4442 debent,
1203 4376 1239 4428 ut
1251 4364 1305 4427 ab·

78 4446 180 4509 solinu
192 4459 221 4506 et
234 4448 272 4508 acl
288 4448 379 4509 finem
402 4447 551 4532 perducta
565 4443 626 4507 dici
642 4457 741 4528 quent.
