2724 5122
73 180 126 247 xvi
441 170 481 236 P.
502 167 695 234 VIRGILII
717 167 920 232 MARONIS

69 323 277 408 bellipropter
292 330 415 386 maten.
459 316 665 380 Suetoniusin
697 315 862 398 quenulam
893 313 1077 390 renuntiant,
1099 312 1297 397 magistratus

70 411 224 492 Augusto,
239 413 270 470 8.
697 402 812 482 absque
840 400 961 462 senatuis
984 413 1014 460 et
1036 397 1145 481 populi
1165 397 1297 461 consilio

115 518 333 568 namucum.
362 516 423 576 nug.
435 515 471 561 19.
505 513 613 576 Vagus.
698 483 991 566 designantinidem
1001 482 1256 565 tempus,proscri
1281 517 1302 531 ·-

210 575 528 628 commentorum.
697 569 810 631 tionem
839 568 1032 634 inimicorum
1061 587 1185 628 suorum
1214 566 1246 628 in
1269 567 1297 628 i-

71 643 244 730 CAES'AR
271 657 474 743 proficiscitur
495 657 527 720 in
549 655 608 720 His
632 679 665 718 a·
696 666 779 731 cunt,
795 653 856 735 quit
870 651 982 715 Cicero
1006 649 1221 713 rDecembris
1242 671 1296 713 oc·

71 750 138 811 nias
153 746 297 811 adversius
308 742 450 825 Pompeii
464 740 575 824 Magni
590 679 665 804 iiie·
698 738 777 799 cisus
789 751 844 800 est.

71 855 131 896 ros.
159 830 306 895 Octavius
317 824 550 909 uixdumfirmus
563 825 667 911 igra-
739 820 822 884 Hinc
837 822 948 884 erroris
963 833 1143 904 arguuntur,
1169 820 1221 901 qui
1239 841 1297 881 vo-

71 918 102 980 ni
114 914 291 990 ualetudine,
309 934 369 995 per
391 909 512 994 insertus
535 909 666 973 ltostiius
698 905 764 968 lunt
777 907 933 988 Eclogam
945 904 1072 988 Virgilii
1087 918 1202 966 sextam
1227 902 1300 965 Ro«

71 1002 145 1077 vius,
154 994 343 1084 paucissimis
361 993 525 1072 comitibus,
539 993 667 1078 nuufrn-
698 1011 757 1052 mae
784 991 919 1053 auditam
942 991 961 1053 a
982 989 1134 1053 Cicerone
1148 987 1241 1050 luisse
1263 988 1297 1051 in

67 1086 123 1170 gio
138 1084 226 1147 etium
235 1077 669 1167 suctuouuucuiumsubserw
699 1074 828 1153 theatro,
857 1075 927 1138 cum
952 1076 972 1136 d
1000 1072 1170 1156 Cytheride
1203 1073 1298 1135 mimi

71 1182 118 1231 tus
145 1166 325 1252 magnopere*
355 1163 507 1228 demeruit.
556 1164 667 1226 Sueto·
698 1173 887 1239 cantaretur3
920 1160 1108 1240 eundemque
1141 1156 1297 1231 Romnum

71 1255 139 1316 nius
154 1253 229 1315 ibid.
272 1248 382 1311 Coesar
395 1248 490 1310 redux
506 1250 562 1311 sub
585 1248 667 1314 iuit'-
698 1244 880 1325 eloquentioe
903 1243 1081 1328 principem,
1107 1242 1147 1304 ad
1162 1261 1248 1304 suam
1266 1253 1297 1305 et

71 1360 123 1400 um
137 1335 281 1399 Octobris
293 1332 459 1416 triumphat
476 1332 617 1415 quintium
630 1271 668 1395 tie
698 1331 770 1391 noti
804 1332 906 1412 poiitae
939 1329 1061 1390 laudern
1097 1325 1296 1389 exclamisse:

71 1420 240 1505 Hispaniis.
591 1442 607 1487 i
663 1484 665 1491 y
698 1411 828 1498 Magum
856 1434 921 1498 spes
948 1411 1043 1475 ultera
1068 1410 1193 1474 Rome.-
1225 1430 1296 1492 quae

116 1545 228 1594 annui]
245 1544 265 1589 c
283 1545 328 1592 710
364 1544 465 1604 mm
505 1492 633 1592 ’.1.ηῇ
699 1499 794 1560 verba
806 1496 1106 1605 deincepsVirgilins
1118 1496 1150 1556 in
1162 1492 1297 1556 AEneida

229 1579 501 1654 'assuescendo
544 1580 567 1606 ‘²'
609 1579 615 1590 ⁴
699 1582 844 1644 retulerit.
887 1581 971 1644 'lum
992 1583 1083 1659 enim,
1098 1580 1167 1642 cium
1183 1579 1296 1642 Cicero

240 1668 416 1716 Arusianus,
699 1667 816 1728 occisus
838 1681 892 1744 est,
916 1666 1054 1747 Eclogus
1070 1665 1200 1726 scribere
1218 1684 1296 1726 non·

73 1732 245 1820 CAESAR
266 1751 489 1834 expeditionem
513 1751 667 1815 destinans
699 1753 770 1813 dum
796 1750 947 1833 Virgilius
976 1763 1127 1834 coeperat3
1166 1749 1295 1810 necdum

74 1840 105 1901 in
132 1837 276 1912 Parthos,
309 1835 474 1899 Octavium
510 1837 669 1920 praemittit
698 1849 823 1898 venerat
845 1833 993 1897 Romam:
1026 1836 1079 1897 sed
1105 1834 1215 1910 adhuc,
1244 1846 1298 1894 aut

72 1922 281 2006 Apolloniam.
324 1919 373 1982 lbi
388 1920 450 1997 ille,
465 1920 538 1983 tlum
559 1924 666 1984 studiis
697 1919 879 1997 Mediolani,
893 1934 945 1982 uut
957 1921 988 1982 in
1004 1940 1074 1981 rure
1086 1940 1142 1980 suo
1153 1919 1297 1979 versabu-
1311 1958 1324 1991 μ,

73 2022 173 2084 vacat,
202 2006 289 2067 audit
317 2003 474 2067 Caesarem
499 2005 531 2067 in
561 2021 668 2069 senatu
698 2017 757 2083 tur,
772 2008 890 2067 mmor
906 2005 1015 2067 deinde
1030 2005 1231 2066 ostendemus.
1322 2010 1327 2035 ’-

73 2092 207 2155 occisum
222 2111 286 2152 esse
300 2087 406 2152 Idibus
424 2087 556 2169 Martiis,
571 2112 603 2152 se
627 2093 666 2154 ab
748 2129 963 2179 munuum.
993 2131 1030 2178 Aa
1049 2133 1099 2177 ,ῃ
1135 2129 1245 2191 11pr

73 2198 110 2239 eo
131 2177 165 2238 in
187 2195 299 2237 nomen
319 2186 351 2236 et
368 2173 513 2237 familiam
537 2176 667 2258 adopta·
835 2192 1005 2240 autumnus
1041 2207 1141 2240 riscus.

72 2275 148 2324 tum.
190 2259 325 2322 Romam
351 2257 445 2321 redit:
477 2258 530 2321 sed
559 2259 667 2321 adver·
835 2254 1141 2303 munitissimos-³2.

73 2359 158 2408 sante
172 2343 218 2406 lll-
233 2343 371 2406 Antonio
392 2340 539 2421 Consule,
559 2344 668 2424 adjun·
697 2327 942 2415 KALENDIS
952 2350 1107 2413 ianuariis
1115 2348 1298 2426 Triumviri,

73 2430 120 2511 gil
134 2451 165 2491 se
179 2427 387 2512 optimatibus,
403 2448 480 2510 quos
493 2429 521 2491 ei
536 2428 669 2492 infensos
700 2439 779 2512 inter
793 2451 920 2499 coeteros
933 2434 1018 2497 Julio
1033 2432 1153 2496 Caesnri
1175 2435 1298 2497 habitos

72 2514 199 2579 sciebat
701 2523 841 2598 honores,
857 2519 1000 2582 sacellum
1022 2517 1079 2603 ipsi
1104 2519 1247 2582 dedicant
1266 2520 1298 2582 iu

127 2639 209 2688 maus
216 2639 243 2686 υ,
254 2639 282 2686 o.
292 2640 344 2689 711.
368 2610 431 2701 amp
440 2640 478 2685 ει.
508 2637 569 2700 Vug.
580 2640 617 2685 aa,
701 2607 779 2683 foro,
792 2607 855 2689 ejus
869 2603 1063 2666 simulacrum
1076 2602 1155 2665 ludis
1168 2602 1297 2666 Circen·

243 2702 469 2750 evremarum.
701 2691 784 2751 sibus
807 2711 876 2751 cum
902 2687 1030 2750 Veneris
1052 2689 1215 2750 simulacro
1238 2690 1297 2750 cir-

241 2765 270 2810 Λ·
281 2763 396 2811 Hortus.
700 2774 925 2836 cumlereudum
937 2773 1113 2835 decernunt.
1138 2771 1221 2835 Hinc
1235 2772 1298 2834 Oc·

72 2831 315 2918 OCTAVIUS
325 2852 455 2913 mittitur
466 2873 535 2915 cum
547 2850 669 2914 Consu·
700 2860 841 2920 tuviunus
863 2879 894 2920 se
908 2856 986 2920 Diui
1002 2855 1106 2940 filium
1121 2857 1297 2940 appellavit.

74 2937 154 2998 libus
180 2935 325 2997 adversus
345 2933 392 2996 M.
414 2936 593 3013 Antonium,
616 2938 669 3019 qui
700 2943 795 3006 Circa
831 2942 1036 3005 Nouembrem
1070 2956 1225 3025 pugnatur
1259 2943 1299 3003 nd

74 3019 237 3084 Decimum
259 3017 390 3080 Brutum
413 3018 545 3082 Mutinae
566 3023 669 3083 obses·
700 3027 862 3110 Philippos
886 3025 1134 3103 initiamentis,
1157 3040 1299 3109 pereunt·

76 3127 142 3166 sum
176 3105 307 3166 tenebat·
358 3103 495 3165 Solvitur
531 3105 669 3184 obsidi03
701 3133 758 3193 que
771 3111 897 3174 Cassius
907 3124 937 3172 et
948 3110 1072 3187 Brutus,
1087 3111 1205 3172 duobus
1217 3132 1299 3193 prae·

75 3187 226 3252 Consules
239 3187 431 3250 temenbello
445 3204 582 3271 pereunt.
617 3189 671 3253 Fit
700 3196 759 3273 liis,
789 3196 898 3258 mensis
927 3195 991 3256 sere
1018 3197 1107 3256 unius
1136 3195 1299 3257 interuallo

75 3294 221 3356 agrorum
243 3272 347 3356 aliqua
367 3274 446 3335 inter
466 3273 576 3336 milites
590 3274 671 3336 divi·
700 3279 822 3357 dissitis,
849 3300 886 3341 ex
909 3279 1087 3341 Plutarcho.
1131 3278 1177 3341 M.
1200 3280 1301 3342 Anto·

75 3359 122 3420 sio
136 3379 191 3440 per
212 3357 410 3434 decemviros,
433 3357 466 3419 iu
482 3359 591 3439 quibus
606 3372 671 3421 erut
701 3366 769 3428 nius
785 3365 849 3426 ubit
871 3365 903 3425 iu
918 3365 1039 3425 Asiam:
1062 3363 1253 3426 Octavianus
1268 3365 1301 3426 in

76 3440 199 3504 Cicero.
256 3441 405 3504 Octauius
434 3443 670 3505 armati-manu
700 3448 823 3512 ltaliam
845 3449 932 3526 redit,
955 3462 989 3510 ut
1011 3469 1102 3529 agros
1125 3448 1186 3509 suis
1200 3448 1302 3510 Auto-

75 3525 209 3589 Romam
255 3527 420 3607 ingressus,
466 3525 669 3590 Consulatum
701 3534 860 3615 nianisque
874 3533 1024 3596 veteranis
1037 3533 1164 3596 dividat.

75 3624 196 3674 mortuo
210 3609 315 3672 Pausi
328 3624 399 3673 tunc
411 3633 553 3688 vacuum,
568 3614 608 3675 ab
622 3613 669 3674 in·
749 3659 958 3713 mmmm
994 3660 1018 3706 A
1063 3661 1095 3705 23
1137 3659 1240 3721 virgeo

76 3701 140 3759 vito
156 3710 261 3760 senatu
275 3708 433 3776 extorquet
449 3701 489 3759 14
501 3695 573 3759 Kal.
592 3696 670 3780 Sep·
839 3693 1005 3769 animosius.
1018 3674 1056 3722 ¹¹8·
1096 3694 1101 3704 ⁴
1196 3696 1200 3703 ’
1242 3695 1247 3706 ’

77 3783 168 3843 temb.
185 3801 237 3842 seu
254 3785 292 3843 19
308 3780 451 3861 Augusti,
472 3795 542 3843 ante
556 3803 669 3844 utinum
839 3782 1159 3832 P.Srur1t1ns1unarcus.

77 3866 176 3928 artatis
188 3865 368 3946 vigesimum
383 3865 544 3947 expletum.
588 3865 670 3929 Inito
700 3846 786 3931 FlT
806 3888 951 3948 agrorum
974 3867 1093 3944 divisio,
1118 3888 1157 3928 ex
1178 3867 1307 3949 optimis

78 3950 249 4012 Consulatu
263 3949 362 4011 statim
376 3950 408 4011 in
422 3971 533 4011 unomen
547 3964 577 4012 et
590 3952 673 4014 bona
704 3952 874 4033 quibusque
882 3951 1123 4029 urbibusltalire‚
1134 3951 1237 4032 ejectis
1247 3973 1305 4034 per

79 4033 214 4096 Caesaris
237 4035 306 4116 lege
329 4034 458 4110 transiit,
487 4050 673 4117 vocatusque
704 4036 766 4098 vim
793 4037 934 4112 dominis,
961 4058 1023 4098 uon
1048 4038 1085 4098 iis
1107 4035 1225 4097 tuntum
1248 4038 1304 4118 qui

78 4134 124 4179 est
151 4121 294 4202 deinceps
323 4119 362 4180 ab
393 4120 544 4199 omuibus,
570 4118 674 4182 Dione
705 4136 813 4183 contre
840 4118 1033 4183 Triumviros
1061 4133 1214 4196 steterant,
1249 4122 1306 4182 sed

79 4217 153 4263 teste
176 4203 196 4265 l.
211 4210 262 4266 46.
279 4202 318 4266 C.
334 4201 454 4266 Juurus
471 4203 592 4266 Cusus
607 4204 675 4267 Oc·
705 4206 797 4267 etiam
812 4205 889 4280 aliis,
905 4219 938 4265 ut
952 4206 1066 4266 hubent
1087 4205 1250 4288 Appiauus
1275 4223 1307 4266 et

80 4307 254 4349 Tavrauus,
297 4287 398 4350 Paulo
413 4288 492 4371 pist,
512 4295 672 4372 tietnpe2‘l
705 4288 779 4351 Dio.
823 4287 937 4350 Fulvia
948 4288 995 4350 M.
1017 4289 1146 4351 Antonii
1170 4310 1259 4365 ttxor,
1275 4304 1307 4351 et

79 4370 273 4447 Noternbiis,
298 4373 362 4455 ipse
386 4395 422 4434 ac
446 4371 491 4435 M.
521 4373 674 4435 Antonius
706 4372 822 4436 Lucius
833 4373 985 4435 Antonius
998 4372 1117 4435 Consul
1129 4372 1230 4434 Marci
1239 4373 1306 4439 ira-

79 4469 109 4517 et
122 4452 169 4517 Μ.
184 4452 328 4517 AEmilius
341 4456 488 4541 Lepidus,
501 4459 675 4523 triumviros
705 4473 761 4535 ter,
784 4457 853 4519 etim
875 4457 1032 4519 divisionis
1054 4458 1136 4520 illius
1158 4457 1306 4520 adminis-

64 4539 675 4624 sererjnublicoeconstituendreiuquin-
707 4542 867 4605 trationem
881 4554 912 4605 et
932 4543 1063 4625 gratim
1078 4542 1172 4626 -upud
1194 4540 1312 4611 milites
